2646 4732
521 323 613 367 rans
638 324 751 369 uoxn.
1118 317 1178 376 113

167 489 351 572 quaomnia
373 490 424 552 vel
444 511 571 576 augere,
592 493 643 556 vel
663 493 853 556 imminuere
874 495 992 578 poterit
1016 496 1180 576 Societas3

163 613 251 687 prout
275 602 490 687 Praepositum
510 604 619 689 ipsum
647 627 683 669 ac
707 628 740 668 se
763 606 886 685 decere,
909 618 941 671 et
962 608 1034 671 Deo
1057 610 1180 694 gratius

162 714 221 778 fore
237 713 410 799 judicabit.
456 715 500 778 Et
520 715 596 779 huic
620 716 790 781 Societatis
811 718 1005 783 ordinationi
1021 720 1181 805 Praeposi-

162 837 224 889 tum
241 825 443 911 acquiescere
459 827 631 911 oportebit.

128 938 305 1002 tsecunda
329 938 371 1002 ad
396 939 539 1024 corporis
566 961 676 1002 curam
702 940 854 1024 pertinet,
881 964 921 1005 ne
946 942 979 1005 in
1005 942 1181 1024 laboribus,

158 1051 204 1113 vel
223 1051 329 1135 rigore
354 1050 455 1114 nimio
479 1073 665 1115 mensuram
691 1053 835 1116 excedat.
882 1054 956 1119 Qua
976 1054 1072 1118 etiam
1093 1055 1126 1119 in
1146 1078 1181 1120 re

159 1161 195 1224 ad
217 1161 473 1225 moderationem
493 1184 526 1224 se
548 1163 660 1226 reduci
683 1163 767 1227 sinet
784 1164 947 1249 Superior,
963 1176 995 1228 et
1012 1165 1181 1231 Societatis

158 1272 286 1336 arbitrio
301 1273 493 1357 acquiescet.

125 1393 140 1446 4
158 1385 263 1448 Tertia
279 1385 321 1449 ad
336 1385 478 1449 animam
493 1386 563 1471 ejus
579 1397 704 1471 spectat
709 1412 718 1465 3
742 1386 815 1450 ciam
828 1388 925 1451 etiam
939 1391 1018 1452 viria
1026 1391 1183 1472 perfectis

158 1495 330 1580 aliquando
350 1495 538 1581 hujusmodi
559 1519 636 1560 eura
654 1496 706 1560 vel
727 1498 811 1561 circa
829 1520 1013 1583 personam,
1028 1501 1079 1565 vel
1099 1501 1183 1566 circa

158 1607 296 1671 officium
313 1607 356 1671 sit
371 1607 559 1672 necessaria.
606 1608 736 1672 Habeat
751 1631 827 1695 ergo
845 1610 988 1674 Societas
1004 1635 1080 1676 cum
1096 1613 1183 1676 Prae-

157 1717 260 1803 posito
285 1717 437 1782 Generali
466 1720 509 1800 (et
532 1718 619 1782 idern
644 1741 719 1782 cum
743 1718 947 1784 inferioribus
967 1722 1036 1786 fieri
1057 1726 1179 1808 posset)

158 1830 306 1915 aliquem,
328 1831 385 1916 qui
405 1832 560 1895 accedens
584 1831 625 1894 ad
645 1832 754 1894 Deum
774 1832 808 1894 in
829 1833 984 1912 oratione,
1006 1845 1182 1920 postquam

159 1940 298 2005 divinam
317 1940 498 2005 bonitatem
518 1943 728 2022 consuluerit,
748 1955 781 2007 et
803 1966 934 2028 aequum
952 1967 1021 2009 esse
1043 1947 1077 2009 id
1093 1947 1182 2032 judi-

158 2054 284 2134 caverit,
305 2077 381 2118 cum
402 2055 560 2118 modestia
575 2055 694 2134 debita,
710 2078 746 2119 ac
762 2055 954 2136 humilitate,
971 2058 1050 2142 quid
1065 2059 1184 2123 sentiat

158 2165 276 2251 inipso
289 2166 467 2251 Praeposito
483 2165 602 2251 requiri
617 2168 658 2230 ad
673 2167 777 2253 majus
794 2167 984 2252 obsequium
1001 2180 1033 2232 et
1048 2169 1182 2254 gloriam

159 2277 228 2358 Dei,
249 2279 424 2342 admonere
448 2278 563 2343 debeat
575 2305 584 2359 3
619 2279 685 2342 sive
707 2279 760 2382 ille
788 2279 829 2343 sit
852 2279 921 2365 ejus
948 2280 1182 2362 Confessarius,

161 2390 221 2455 sive
247 2390 330 2454 alius
357 2390 518 2475 quispiam
543 2413 602 2476 per
629 2391 822 2455 Societatem
848 2393 1047 2476 designatus,
1068 2394 1123 2478 qui
1141 2395 1183 2458 ad

160 2501 217 2565 hoc
231 2500 401 2586 negotium
417 2501 513 2585 quim
529 2501 668 2565 maxime
683 2512 780 2586 aptus
794 2502 951 2566 videatur.

131 2618 144 2672 5
163 2612 282 2678 Quarta
296 2622 357 2690 est,
374 2612 474 2697 qubd,
490 2612 589 2697 siquis
605 2624 734 2698 urgeret
753 2613 839 2695 (licet
861 2636 935 2676 eum
957 2637 1022 2677 non
1038 2614 1184 2701 obligan-

162 2725 202 2789 do
217 2725 279 2789 sub
294 2747 393 2810 poena
407 2724 542 2810 peccati)
560 2736 598 2789 ut
619 2725 811 2810 dignitatem
832 2726 973 2810 aliquam
989 2729 1184 2808 admitteret,

162 2836 192 2899 in
207 2859 272 2922 qua
284 2836 455 2922 Praepositi
470 2837 612 2900 officium
627 2837 807 2900 necessario
823 2837 1072 2922 relinquendum
1088 2853 1184 2920 esset,

162 2971 222 3014 non
237 2962 349 3036 posset
365 2950 435 3014 sine
450 2972 611 3015 consensu
628 2949 797 3014 Societatis
813 2972 884 3013 eam
900 2952 1078 3017 admittere.
1125 2955 1184 3018 So-

163 3062 255 3127 cietas
271 3073 393 3142 autem,
409 3085 535 3148 semper
558 3060 717 3126 intuendo
741 3084 814 3147 quae
837 3064 877 3125 ad
892 3059 997 3148 majus
1013 3063 1076 3127 Dei
1091 3064 1184 3128 obse·
1242 3067 1244 3072 ’

163 3179 271 3259 quium
286 3183 320 3239 et
334 3175 469 3260 gloriam
483 3174 660 3260 pertinent,
676 3175 704 3238 si
719 3175 903 3239 obedientia
919 3175 1003 3239 sedis
1019 3176 1184 3261 Apostoli-

164 3309 204 3350 cae
218 3309 285 3351 non
301 3287 504 3372 compulerit,
519 3309 689 3350 assensum
704 3308 872 3371 nunquam
887 3287 1064 3373 praestabit.

133 3401 147 3457 6
166 3397 285 3463 Quinta
298 3398 408 3462 locum
422 3397 531 3477 habet,
547 3397 574 3461 si
590 3397 758 3477 accideret,
774 3410 812 3461 ut
827 3398 918 3463 valde
942 3397 1119 3484 negligens,
1134 3399 1186 3462 vel

164 3508 312 3573 remissus
339 3519 424 3572 esset
448 3508 483 3573 in
507 3509 605 3573 rebus
629 3509 739 3593 magni
763 3509 920 3572 momenti
950 3508 992 3572 ad
1016 3509 1185 3593 Praepositi

164 3619 299 3684 officium
314 3619 553 3706 pertinentibus
568 3631 702 3706 propter
716 3620 859 3705 corporis
875 3642 1004 3706 gravem
1020 3619 1186 3705 aegritudi-

165 3752 244 3812 nem,
259 3743 316 3797 aut
338 3732 475 3811 senium,
497 3754 553 3817 spe
573 3732 808 3796 emendationis
831 3755 869 3796 ea
890 3733 924 3795 in
939 3745 1030 3818 parte
1047 3732 1185 3814 sublata,

165 3843 244 3908 unde
273 3843 417 3908 multum
447 3843 631 3908 detrimenti
660 3843 829 3929 publicum
859 3843 982 3908 bonurn
1010 3854 1185 3930 pateretur.

166 3953 250 4020 Tunc
273 3956 361 4021 enim
377 3954 566 4042 Coadjutor,
581 3957 632 4020 vel
647 3955 806 4035 Vicarius,
822 3955 877 4040 qui
894 3956 1062 4021 Generalis
1078 3958 1183 4023 officio

168 4066 322 4154 tirngatur,
343 4080 393 4134 est
417 4067 583 4154 eligendus
595 4093 605 4148 3
636 4069 702 4133 sive
724 4068 861 4153 ipsemet
886 4069 1082 4154 Praepositus
1109 4092 1184 4134 eum
