2646 4732
532 346 624 390 rans
648 347 806 392 ocravA.
1129 342 1187 399 101

165 507 244 572 alius
259 508 300 571 ab
316 507 379 572 alio
400 520 535 594 petant:
567 522 600 575 et
617 511 706 596 juret
729 514 953 598 unusquisque
975 516 1077 600 prius,
1093 540 1190 602 quam

167 621 229 700 det,
244 621 334 706 qubd
349 644 424 686 eum
440 623 597 703 nominat,
613 646 710 708 quem
727 627 828 690 sensit
850 626 884 690 in
900 628 1042 693 Domino
1065 630 1107 694 ad
1129 632 1192 695 hoc

165 759 282 802 munus
297 738 402 824 magis
417 739 573 820 idoneus3
597 753 630 805 et
645 743 797 826 suffragia
811 743 845 806 in
861 745 1012 808 manibus
1022 746 1192 812 Secretarii

118 935 122 943 ν
165 849 258 912 simul
273 858 460 931 serventur3
492 852 609 916 deinde
628 854 806 938 aquolibet
826 878 948 936 eorum,
972 857 1081 941 quiin
1102 858 1191 923 Con-

165 961 346 1046 gregatione
358 974 447 1041 sunt,
458 985 614 1043 seorsum,
626 965 683 1028 sed
695 978 804 1029 tamen
816 988 924 1030 coram
936 967 1005 1031 aliis
1020 969 1189 1054 proprium

167 1073 351 1158 suffragium
377 1075 497 1159 scripto
528 1087 719 1140 contentum
749 1079 927 1163 postulent,
957 1081 1045 1164 quod
1068 1082 1189 1165 praevio

161 1183 341 1268 juramento
357 1186 477 1250 eisdem
501 1186 591 1250 dabit
610 1189 844 1272 unusquisque.
889 1190 1017 1255 Deinde
1032 1192 1067 1255 in
1082 1193 1188 1258 medio

166 1295 306 1359 omnium
334 1297 531 1361 Secretarius
555 1299 716 1383 suffragia,
739 1300 877 1364 electum
901 1302 1104 1366 solummodo
1128 1327 1187 1368 no·

167 1406 325 1488 minando,
356 1410 595 1495 promulgabit3
634 1433 671 1474 ae
701 1413 832 1475 demum
863 1436 929 1477 uno
960 1415 1187 1500 suffragiorum

167 1541 295 1585 numero
310 1544 386 1586 cum
401 1522 462 1587 alio
478 1518 605 1602 collato,
621 1523 677 1608 qui
692 1525 778 1608 plus,
794 1546 891 1608 quam
907 1524 1047 1590 mediam
1061 1539 1188 1612 partem

167 1630 386 1718 suffiugiorum
402 1632 548 1698 omnium
564 1631 723 1714 habuerit,
740 1637 782 1699 sit
796 1632 990 1722 praepositus
1004 1638 1187 1704 Generalis:

167 1745 260 1808 etita
282 1744 339 1829 qui
360 1746 485 1830 primus
508 1769 582 1809 eum
605 1744 794 1827 nominavit,
816 1749 868 1812 vel
882 1747 1029 1813 Vicarius
1051 1773 1187 1835 percon-

167 1865 246 1919 tetur
275 1856 366 1936 alios,
397 1879 438 1920 an
475 1881 571 1921 suum
606 1881 801 1922 consensum
833 1859 861 1922 ei
890 1871 1058 1944 praestent,
1089 1883 1186 1946 quem

167 1966 260 2052 major
280 1989 357 2054 pars
379 1968 497 2054 elegit3
528 1980 571 2048 et,
595 1981 761 2054 utcunque
783 1971 1012 2055 respondeant,
1034 1972 1186 2037 formabit

167 2077 336 2143 Decretum
351 2080 526 2160 electionis,
542 2082 678 2145 dicendo
691 2107 700 2161 3
731 2082 771 2145 ln
788 2081 918 2146 nomine
940 2081 1053 2165 patria,
1069 2094 1102 2145 et
1117 2083 1186 2163 filii,

167 2204 194 2254 et
204 2193 335 2277 spiritus
345 2195 468 2273 sancti3
491 2195 589 2259 EGO
605 2196 650 2259 N.
662 2195 792 2259 nomine
801 2217 885 2274 meo,
897 2205 929 2258 et
940 2194 1086 2258 omnium
1097 2195 1184 2260 idem

166 2304 369 2368 sentientium
384 2305 467 2391 eligo
479 2307 524 2370 N.
535 2306 569 2369 in
580 2306 796 2391 Praepositum
809 2305 1001 2370 Generalem
1014 2305 1185 2371 Societatis

120 2468 122 2473 .
165 2415 282 2481 JESU.
329 2418 404 2484 Quo
428 2429 559 2503 peracto
580 2418 689 2482 statim
713 2440 825 2482 omnes
850 2419 892 2481 ad
917 2418 1128 2482 reverentiam
1155 2419 1185 2482 ei

164 2529 374 2594 exhibendam
407 2531 573 2610 accedant,
603 2541 636 2594 et
664 2534 750 2614 flocco
781 2537 914 2613 utroque
947 2552 1029 2612 peno
1059 2552 1184 2595 monum

164 2643 224 2724 aas
237 2645 426 2708 osculentur.
473 2643 540 2710 Qui
554 2666 629 2707 vero
646 2644 767 2720 electus
781 2642 889 2721 fuerit,
905 2665 966 2706 nec
981 2643 1183 2726 electionem,

164 2777 218 2819 uec
232 2756 409 2820 exhibitam
427 2756 639 2821 reverentiam
658 2756 743 2839 (crim
766 2755 926 2820 reeordari
948 2756 1074 2835 debeat,
1090 2756 1184 2841 cujus

163 2852 287 2933 nomine
303 2891 374 2933 eam
394 2869 556 2952 admittat)
574 2888 721 2932 recusare
744 2868 850 2932 debet.
897 2870 1064 2933 Postremo
1086 2870 1184 2934 simul

162 3002 270 3046 omnes
286 2981 408 3061 dicant,
423 2983 469 3045 Te
486 2982 595 3045 Deum
610 2979 791 3044 laudamus.

128 3091 143 3164 7
163 3092 194 3156 Si
214 3116 279 3158 non
302 3093 410 3173 fuerit,
433 3093 490 3178 qui
511 3092 660 3178 ampliuS,
683 3094 779 3177 quiam
802 3093 940 3157 mediam
968 3103 1093 3177 partem
1117 3093 1184 3156 sus-

159 3203 332 3290 sragiorum
355 3204 491 3284 habeat3
523 3204 584 3267 alia
610 3203 702 3282 ratio,
733 3203 854 3267 scilicet
885 3203 1180 3288 compromissionis

159 3314 292 3396 ineatur,
314 3315 422 3380 electis
444 3315 529 3379 inter
551 3337 663 3378 omnes
685 3315 801 3394 tribue,
822 3330 878 3378 aut
901 3315 1043 3399 quinque
1066 3313 1184 3379 electo·

159 3428 245 3493 ribus
276 3428 344 3513 (qui
366 3428 519 3492 nimirum
543 3428 584 3491 ad
606 3428 640 3490 id
662 3450 782 3489 munus
805 3428 899 3512 plura
921 3425 1092 3490 habuerint
1115 3427 1183 3489 suf-

159 3539 266 3624 fragia)
300 3550 333 3602 et
363 3561 427 3623 quo
454 3538 557 3623 major
580 3539 697 3601 horum
722 3538 820 3601 trium
850 3538 901 3601 vel
931 3538 1074 3621 quinque
1104 3559 1180 3621 pars

158 3649 367 3730 inclinaverit,
388 3649 442 3714 ille
465 3650 508 3714 sit
531 3649 729 3734 Praepositus
747 3648 925 3727 Generalis,
941 3659 973 3712 et
995 3648 1182 3733 promulge-

159 3769 228 3842 tur,
259 3763 352 3847 eique
370 3762 549 3827 reverentia
570 3761 769 3840 exhibeatur,
792 3773 825 3824 et
845 3762 916 3825 Deo
937 3773 1047 3825 nostro
1070 3761 1182 3846 gratiae

159 3886 301 3958 agantur,
317 3885 350 3938 et
365 3874 514 3959 superius
530 3874 654 3938 dictum
670 3884 729 3938 est.

128 3983 233 4050 8Post
262 3986 556 4072 promulgationem
587 3984 668 4050 nulli
698 3985 860 4069 integrum
892 3984 962 4062 erit,
989 3985 1178 4070 suffragium

611 4119 635 4161 u

1168 4344 1285 4452 Ι·
