2646 4732
525 375 616 419 rans
641 375 754 420 nous.
1121 364 1181 422 109

164 569 228 612 rum
252 543 471 630 Collegiorum
495 542 529 605 in
555 545 730 607 eorundem
761 542 934 606 utilitatem
959 564 996 606 ac
1026 564 1122 605 usum
1145 565 1183 606 ea

164 657 351 736 conditione,
373 663 411 719 ut
436 655 600 740 integrum
624 655 665 719 sit
695 656 756 719 hac
779 677 813 718 se
836 653 1031 740 obligatione
1054 675 1180 734 exuere,

162 768 356 834 restituendo
371 766 556 852 pecuniam,
568 788 641 851 quae
657 767 732 830 data
746 766 853 830 suerit.
899 765 1047 829 Alienare
1063 776 1182 845 autem,

162 889 212 945 aut
234 879 368 945 omnino
391 878 563 942 dissolvere
588 879 733 963 Collegia
754 878 805 941 vel
827 878 952 941 Domos
970 877 1039 962 jam
1061 885 1182 942 erectas

162 991 327 1058 societatis
353 989 422 1054 sine
446 990 587 1074 generali
617 989 687 1075 ejus
712 989 960 1074 congregatione
986 989 1183 1074 Praepositus

163 1102 327 1168 Generalis
343 1124 410 1165 uon
425 1102 556 1186 poterit.

128 1223 143 1278 6
161 1216 207 1280 De
221 1215 263 1278 iis
277 1215 366 1292 verb,
382 1235 456 1298 quae
480 1213 633 1277 Societati
656 1214 701 1277 ita
719 1211 958 1297 relinquuntur,
974 1225 1011 1278 ut
1033 1213 1104 1299 ipsa
1123 1234 1183 1298 pro

161 1349 215 1390 suo
231 1325 390 1390 arbitratu
406 1346 443 1388 ea
458 1323 610 1409 disponat
628 1324 706 1407 (sive
721 1323 808 1387 bona
830 1323 957 1387 stabilia
978 1324 1032 1387 illa
1055 1325 1131 1403 siut,
1146 1334 1183 1387 ut

162 1443 273 1505 domus
290 1440 408 1525 aliqua,
423 1440 474 1503 vel
495 1439 655 1524 praedium
672 1460 738 1501 non
762 1437 857 1500 alicui
879 1449 966 1503 certo
983 1438 1127 1524 Collegio
1143 1437 1183 1501 ab

161 1576 205 1634 eo,
221 1552 278 1638 qui
292 1551 457 1636 relinquit,
473 1551 684 1615 determinate
707 1548 906 1635 applicatum
929 1551 980 1614 vel
1002 1572 1165 1614 annexum
1175 1575 1185 1628 3

162 1666 223 1731 sive
238 1664 381 1744 mobilia,
397 1663 579 1749 cujusmodi
594 1675 672 1727 suut
693 1666 844 1748 pecunia,
867 1663 1021 1743 triticum,
1041 1674 1073 1727 et
1096 1685 1185 1748 quae-

161 1778 204 1842 vis
227 1776 454 1855 aliasmobilia,
478 1775 564 1839 idem
593 1775 760 1839 Generalis
787 1777 957 1862 disponere
982 1774 1102 1860 poterit
1128 1786 1184 1838 aut

161 1891 339 1967 vendendo,
355 1900 411 1952 aut
431 1887 612 1966 retinendo,
633 1895 690 1951 aut
710 1888 787 1953 huic
809 1889 861 1953 vel
880 1888 925 1951 illi
944 1888 1016 1952 loco
1036 1887 1081 1965 id,
1096 1887 1184 1972 quod

164 2003 188 2066 ei
201 2002 374 2081 videbitur,
390 2000 595 2086 applicando,
609 2011 708 2084 prout
731 2000 772 2063 ad
794 2000 948 2086 majorem
964 1999 1027 2063 Dei
1049 1998 1184 2083 gloriam

164 2114 294 2178 senserit
310 2112 470 2198 expedire.

134 2228 204 2302 7Et
224 2227 396 2314 Praepositi
422 2223 650 2303 Provinciales,
677 2236 733 2288 aut
758 2225 887 2303 locales,
911 2235 944 2288 et
969 2225 1133 2301 Rectores,
1152 2230 1185 2286 et

165 2339 380 2405 commissarii
409 2360 480 2402 eam
516 2347 643 2421 partem
680 2335 778 2422 hujus
814 2335 976 2399 facultatis
1006 2334 1184 2413 habebunt,

165 2475 254 2537 quam
270 2451 351 2537 ipsis
369 2447 536 2514 Generalis
553 2447 847 2512 communicaverit.
892 2448 1009 2532 Neque
1024 2469 1098 2510 vero
1119 2445 1185 2509 col-

165 2552 287 2649 legiales
310 2563 353 2626 ad
374 2558 561 2646 hujusmodi
588 2570 679 2623 actus
702 2558 908 2644 collegialiter
932 2569 1027 2623 erunt
1051 2579 1186 2643 congre-

166 2676 268 2760 gandi.

136 2793 149 2847 8
167 2788 251 2853 Sicut
272 2788 315 2852 ad
334 2788 527 2852 Generalem
547 2786 689 2871 pertinet
709 2808 831 2865 curare,
853 2794 891 2849 ut
912 2786 1081 2851 Societatis
1098 2785 1185 2849 Con-

165 2901 345 2965 stitutiones
361 2900 481 2984 ubique
498 2898 727 2976 observentur3
754 2897 799 2961 ita
819 2899 860 2961 ad
882 2899 1022 2962 eundem
1044 2897 1186 2983 pertine-

165 3011 217 3092 bit,
231 3015 266 3076 in
280 3014 333 3091 iis,
349 3032 414 3094 qua
430 3012 586 3089 occidant,
600 3009 655 3072 abi
669 3011 898 3092 dispensatione
913 3031 989 3091 opus
1004 3016 1062 3086 est,
1077 3008 1186 3072 habito

165 3128 281 3189 ratione
297 3143 517 3206 personarum,
542 3123 689 3199 locorum,
713 3128 894 3203 temporam,
911 3127 942 3184 et
965 3122 1100 3183 oliorum
1122 3122 1185 3183 cir-

165 3238 419 3314 cunstantiarum,
451 3236 652 3316 dispensare.-
687 3234 775 3317 quod
801 3255 921 3296 munus
948 3254 985 3296 ea
1009 3252 1083 3294 cum
1106 3253 1184 3315 pru-

166 3347 278 3426 dentia,
295 3368 393 3431 quam
417 3348 472 3409 luo
492 3352 610 3408 aterna
633 3345 928 3424 communicaverit,
950 3345 1048 3407 finem
1071 3365 1185 3407 earun-

166 3457 233 3522 dem
257 3456 539 3522 Constitutionum
561 3456 731 3534 intuendo,
752 3457 809 3541 qui
832 3456 913 3519 alius
928 3477 995 3518 non
1010 3465 1071 3533 est,
1086 3476 1184 3539 quam

165 3570 262 3656 majus
279 3570 343 3634 Dei
358 3569 561 3654 obsequium,
576 3577 609 3632 et
624 3590 736 3632 eorum
750 3569 885 3648 bonum,
901 3568 957 3653 qui
978 3570 1040 3631 hoc
1055 3567 1184 3631 vivendi

166 3679 345 3745 institutum
362 3692 553 3765 sequuntur,
568 3679 747 3765 praestabit.
793 3680 896 3765 quue
913 3690 979 3743 tam
1000 3680 1040 3742 de
1063 3681 1186 3761 esperi-

166 3795 270 3856 mente's
291 3813 408 3870 eornm,
431 3791 487 3876 qui
501 3791 536 3854 in
557 3790 803 3876 probationibus
824 3801 1004 3869 versantur,
1025 3789 1183 3874 quamde

168 3901 228 3967 aliis
253 3904 362 3983 rebus,
389 3903 423 3966 in
447 3902 565 3987 quibus
588 3925 660 3966 eam
683 3903 782 3967 fuisse
813 3913 955 3966 mentem
980 3923 1102 3982 eorum,
1128 3900 1186 3986 qui

169 4011 419 4080 Constitutiones
442 4014 667 4094 condiderunt,
686 4016 727 4078 ad
751 4014 885 4102 gloriam
903 4014 967 4079 Dei
989 4037 1026 4079 ac
1050 4012 1184 4079 Domini

171 4127 262 4191 nostri
279 4124 491 4213 judicabitur,
506 4126 630 4192 dictum
646 4127 698 4191 sit.
