2646 4732
289 787 1032 908 Puoouuiuu

408 1066 916 1147 CONSTITUTIONUM.

146 1580 159 1634 l
184 1572 455 1822 QUANVIS
470 1596 597 1638 summa
612 1575 777 1660 Sapientia
791 1583 824 1639 et
838 1575 965 1640 bonitas
975 1577 1038 1641 Dei
1049 1577 1209 1645 Creatoris

286 1711 390 1774 nostri
404 1732 441 1774 ac
452 1710 585 1774 Domini
602 1710 654 1790 sit,
678 1733 750 1795 quae
770 1720 996 1774 conservatum
1016 1720 1076 1792 est,
1092 1714 1209 1798 guber-

185 1853 306 1925 natura,
331 1847 428 1930 atque
457 1854 644 1931 promoturo
673 1847 708 1908 in
738 1869 797 1909 suo
828 1854 939 1909 sancto
970 1847 1097 1911 servitio
1124 1850 1208 1914 hanc

184 1981 347 2044 minimam
364 1981 556 2046 Societatem
572 1981 664 2060 Jesn,
680 1989 717 2043 ut
732 2002 803 2044 eam
819 1981 952 2064 dignata
966 1989 1016 2044 est
1038 1981 1208 2063 inchoare3

184 2138 222 2178 ex
242 2123 333 2200 parte
355 2115 431 2178 vero
454 2123 564 2178 nostra
585 2115 712 2178 interna
733 2115 906 2178 Charitatis
924 2123 957 2177 et
972 2115 1101 2179 Amoris
1123 2117 1208 2180 illius

183 2253 243 2331 lex,
274 2274 370 2336 quam
402 2251 541 2316 Sanctus
573 2251 713 2336 Spiritus
744 2247 892 2330 scribere,
929 2259 962 2313 et
992 2251 1025 2314 in
1056 2252 1207 2317 cordibus

182 2385 362 2470 imprimere
394 2386 485 2466 solet,
515 2385 636 2471 potius,
666 2386 762 2470 quam
792 2386 867 2448 uHae
905 2393 1045 2449 externae
1077 2386 1208 2451 Consti-

1226 2480 1240 2502 ι

181 2523 335 2602 tutiones,
361 2522 402 2586 a‘d
431 2522 465 2587 id
494 2521 645 2607 adjutura
671 2522 732 2585 sit:
768 2522 854 2588 Quia
879 2530 988 2586 tamen
1016 2524 1122 2588 suavis
1143 2525 1232 2612 dis-¹

179 2657 298 2741 positio
336 2657 452 2722 divinae
488 2656 697 2742 providentiae
740 2678 870 2720 suarum
908 2667 1125 2722 creaturarum
1156 2683 1209 2724 co-

178 2793 400 2877 operationem
436 2793 559 2878 exigit3
597 2801 629 2856 et
661 2793 736 2876 quia
776 2792 898 2855 Christi
935 2794 1069 2857 Domini
1106 2797 1209 2859 nostri

178 2928 330 2992 Vicarius
344 2928 378 2992 id
392 2928 505 2992 statuit
516 2953 526 3007 3
548 2936 581 2991 et
601 2936 786 2991 sanctorum
809 2929 965 3013 exempla,
981 2939 1013 2992 et
1034 2932 1115 2994 ratio
1138 2932 1209 3016 ipsa

178 3086 240 3127 nos
263 3064 297 3127 id
317 3065 410 3128 docet
431 3065 465 3127 in
488 3063 652 3128 Domino:
680 3062 896 3127 necessarium
920 3086 995 3127 esse·
1006 3066 1208 3146 arbitramur,

177 3200 438 3264 Constitutiones
461 3199 637 3279 conscribi3
668 3222 740 3284 quae
765 3200 882 3284 juvent
902 3200 942 3263 ad
964 3200 1086 3264 melius¹
1101 3201 1134 3263 in
1157 3202 1209 3265 via

175 3341 322 3423 incoepta
351 3338 449 3401 divini
486 3337 632 3421 obsequii
663 3338 904 3422 procedendum
935 3338 1031 3422 juxta
1062 3339 1209 3403 Instituti

175 3473 284 3537 nostri
298 3472 465 3536 rationem.

129 3620 149 3674 2
176 3609 329 3676 Quanvis
343 3609 484 3693 primum
499 3608 579 3672 illud
594 3609 646 3686 sit,
662 3617 694 3672 et
714 3609 845 3672 maximi
866 3609 1022 3673 momenti
1042 3610 1075 3672 in
1099 3621 1209 3676 nostra

172 3744 370 3823 intentione,
400 3744 488 3828 quod
524 3744 565 3807 ad
589 3766 706 3828 corpus
733 3745 891 3808 universae
921 3745 1088 3809 Societatis
1117 3771 1207 3834 spec-

171 3890 244 3960 tat3
279 3879 372 3964 cujus
396 3879 483 3959 unio,
510 3891 542 3942 et
568 3879 691 3944 bonum
718 3880 872 3965 regimen,
899 3889 931 3943 et
953 3886 1152 3949 conservatio
1173 3887 1206 3949 in

170 4042 235 4082 suo
269 4017 356 4080 bono
387 4023 473 4080 statu
510 4017 551 4079 ad
588 4015 740 4100 majorem
773 4016 834 4080 Dei
865 4017 999 4100 gloriam
1030 4019 1064 4083 in
1094 4021 1205 4106 primis

636 4174 657 4214 B

1007 4252 1048 4312 N
1065 4336 1069 4341 r
