<?xml version="1.0" encoding="UTF-8"?>
<!DOCTYPE html PUBLIC "-//W3C//DTD XHTML 1.0 Transitional//EN"
    "http://www.w3.org/TR/xhtml1/DTD/xhtml1-transitional.dtd">
<html xmlns="http://www.w3.org/1999/xhtml" xml:lang="en" lang="en">
 <head>
  <title>
</title>
<meta http-equiv="Content-Type" content="text/html;charset=utf-8" />
  <meta name='ocr-system' content='tesseract 3.04.00' />
  <meta name='ocr-capabilities' content='ocr_page ocr_carea ocr_par ocr_line ocrx_word'/>
</head>
<body>
  <div class='ocr_page' id='page_1' title='image "./constitutioness00unkngoog_0106.png"; bbox 0 0 2646 4732; ppageno 0'>
   <div class='ocr_carea' id='block_1_1' title="bbox 515 340 1191 402">
    <p class='ocr_par' dir='ltr' id='par_1_1' title="bbox 515 340 1191 402">
     <span class='ocr_line' id='line_1_1' title="bbox 515 340 1191 402; baseline 0.001 -7"><span class='ocrx_word' id='word_1_1' title='bbox 515 353 607 396; x_wconf 75' lang='lat' dir='ltr'>rans</span> <span class='ocrx_word' id='word_1_2' title='bbox 631 353 788 398; x_wconf 70' lang='lat' dir='ltr'>oorAvA.</span> <span class='ocrx_word' id='word_1_3' title='bbox 1003 394 1007 402; x_wconf 80' lang='grc'><strong>,</strong></span> <span class='ocrx_word' id='word_1_4' title='bbox 1151 340 1191 397; x_wconf 80' lang='lat'>93</span> 
     </span>
    </p>
   </div>
   <div class='ocr_carea' id='block_1_2' title="bbox 128 516 1309 4077">
    <p class='ocr_par' dir='ltr' id='par_1_2' title="bbox 144 516 1302 1386">
     <span class='ocr_line' id='line_1_2' title="bbox 144 516 1192 605; baseline 0.003 -25"><span class='ocrx_word' id='word_1_5' title='bbox 144 519 157 592; x_wconf 82' lang='grc'><em>7</em></span> <span class='ocrx_word' id='word_1_6' title='bbox 176 517 214 580; x_wconf 83' lang='lat' dir='ltr'>Et</span> <span class='ocrx_word' id='word_1_7' title='bbox 220 528 258 581; x_wconf 91' lang='lat' dir='ltr'>ut</span> <span class='ocrx_word' id='word_1_8' title='bbox 273 517 365 581; x_wconf 89' lang='lat' dir='ltr'>locus</span> <span class='ocrx_word' id='word_1_9' title='bbox 380 516 484 604; x_wconf 83' lang='lat' dir='ltr'>magis</span> <span class='ocrx_word' id='word_1_10' title='bbox 500 519 671 582; x_wconf 90' lang='lat' dir='ltr'>conveniat</span> <span class='ocrx_word' id='word_1_11' title='bbox 686 519 728 581; x_wconf 88' lang='lat' dir='ltr'>ad</span> <span class='ocrx_word' id='word_1_12' title='bbox 739 517 1065 583; x_wconf 85' lang='lat' dir='ltr'>communicationem</span> <span class='ocrx_word' id='word_1_13' title='bbox 1077 518 1192 605; x_wconf 89' lang='lat' dir='ltr'>capitis</span> 
     </span>
     <span class='ocr_line' id='line_1_3' title="bbox 175 628 1302 715; baseline 0.002 -23"><span class='ocrx_word' id='word_1_14' title='bbox 175 651 242 692; x_wconf 90' lang='lat' dir='ltr'>cum</span> <span class='ocrx_word' id='word_1_15' title='bbox 258 629 326 693; x_wconf 90' lang='lat' dir='ltr'>suis</span> <span class='ocrx_word' id='word_1_16' title='bbox 341 628 516 710; x_wconf 87' lang='lat' dir='ltr'>membris3</span> <span class='ocrx_word' id='word_1_17' title='bbox 550 631 695 694; x_wconf 89' lang='lat' dir='ltr'>conferre</span> <span class='ocrx_word' id='word_1_18' title='bbox 718 630 895 715; x_wconf 90' lang='lat' dir='ltr'>plurimum</span> <span class='ocrx_word' id='word_1_19' title='bbox 918 640 1037 715; x_wconf 90' lang='lat' dir='ltr'>potest,</span> <span class='ocrx_word' id='word_1_20' title='bbox 1052 642 1090 694; x_wconf 90' lang='lat' dir='ltr'>ut</span> <span class='ocrx_word' id='word_1_21' title='bbox 1106 631 1193 694; x_wconf 87' lang='lat' dir='ltr'>Prae·</span> <span class='ocrx_word' id='word_1_22' title='bbox 1296 692 1302 701; x_wconf 83' lang='grc'><em>,</em></span> 
     </span>
     <span class='ocr_line' id='line_1_4' title="bbox 173 740 1193 827; baseline -0.001 -22"><span class='ocrx_word' id='word_1_23' title='bbox 173 740 291 826; x_wconf 87' lang='lat' dir='ltr'>positus</span> <span class='ocrx_word' id='word_1_24' title='bbox 321 741 489 805; x_wconf 84' lang='lat' dir='ltr'>Generalis</span> <span class='ocrx_word' id='word_1_25' title='bbox 511 764 631 826; x_wconf 83' lang='lat' dir='ltr'>magna</span> <span class='ocrx_word' id='word_1_26' title='bbox 651 763 691 805; x_wconf 85' lang='lat' dir='ltr'>ex</span> <span class='ocrx_word' id='word_1_27' title='bbox 716 753 807 827; x_wconf 86' lang='lat' dir='ltr'>parte</span> <span class='ocrx_word' id='word_1_28' title='bbox 829 743 942 805; x_wconf 86' lang='lat' dir='ltr'>Romae</span> <span class='ocrx_word' id='word_1_29' title='bbox 967 741 1116 821; x_wconf 83' lang='lat' dir='ltr'><strong>resideat,</strong></span> <span class='ocrx_word' id='word_1_30' title='bbox 1136 741 1193 804; x_wconf 92' lang='lat' dir='ltr'>ubi</span> 
     </span>
     <span class='ocr_line' id='line_1_5' title="bbox 173 851 1193 917; baseline 0 -1"><span class='ocrx_word' id='word_1_31' title='bbox 173 874 241 916; x_wconf 90' lang='lat' dir='ltr'>cum</span> <span class='ocrx_word' id='word_1_32' title='bbox 263 852 334 916; x_wconf 84' lang='lat' dir='ltr'>aliis</span> <span class='ocrx_word' id='word_1_33' title='bbox 357 852 508 917; x_wconf 88' lang='lat' dir='ltr'>omnibus</span> <span class='ocrx_word' id='word_1_34' title='bbox 530 853 610 916; x_wconf 92' lang='lat' dir='ltr'>locis</span> <span class='ocrx_word' id='word_1_35' title='bbox 627 852 796 917; x_wconf 76' lang='lat' dir='ltr'>societatis</span> <span class='ocrx_word' id='word_1_36' title='bbox 818 851 952 915; x_wconf 85' lang='lat' dir='ltr'>faciliori</span> <span class='ocrx_word' id='word_1_37' title='bbox 973 863 1084 916; x_wconf 90' lang='lat' dir='ltr'>utetur</span> <span class='ocrx_word' id='word_1_38' title='bbox 1105 875 1193 916; x_wconf 93' lang='lat' dir='ltr'>com-</span> 
     </span>
     <span class='ocr_line' id='line_1_6' title="bbox 172 964 1193 1060; baseline 0.002 -33"><span class='ocrx_word' id='word_1_39' title='bbox 172 965 291 1029; x_wconf 88' lang='lat' dir='ltr'>mertio.</span> <span class='ocrx_word' id='word_1_40' title='bbox 338 965 553 1029; x_wconf 86' lang='lat' dir='ltr'>Provinciales</span> <span class='ocrx_word' id='word_1_41' title='bbox 575 965 689 1060; x_wconf 75' lang='lat' dir='ltr'>itislem</span> <span class='ocrx_word' id='word_1_42' title='bbox 713 965 747 1028; x_wconf 94' lang='lat' dir='ltr'>in</span> <span class='ocrx_word' id='word_1_43' title='bbox 772 965 811 1029; x_wconf 91' lang='lat' dir='ltr'>iis</span> <span class='ocrx_word' id='word_1_44' title='bbox 836 965 916 1028; x_wconf 91' lang='lat' dir='ltr'>locis</span> <span class='ocrx_word' id='word_1_45' title='bbox 943 964 1065 1029; x_wconf 88' lang='lat' dir='ltr'>diutius</span> <span class='ocrx_word' id='word_1_46' title='bbox 1086 987 1193 1029; x_wconf 89' lang='lat' dir='ltr'>versa-</span> 
     </span>
     <span class='ocr_line' id='line_1_7' title="bbox 171 1077 1193 1163; baseline 0.001 -22"><span class='ocrx_word' id='word_1_47' title='bbox 171 1077 300 1157; x_wconf 91' lang='lat' dir='ltr'>buntur,</span> <span class='ocrx_word' id='word_1_48' title='bbox 320 1078 408 1141; x_wconf 90' lang='lat' dir='ltr'>unde</span> <span class='ocrx_word' id='word_1_49' title='bbox 435 1100 511 1142; x_wconf 91' lang='lat' dir='ltr'>cum</span> <span class='ocrx_word' id='word_1_50' title='bbox 536 1077 753 1156; x_wconf 87' lang='lat' dir='ltr'>inferioribus,</span> <span class='ocrx_word' id='word_1_51' title='bbox 777 1088 809 1141; x_wconf 89' lang='lat' dir='ltr'>et</span> <span class='ocrx_word' id='word_1_52' title='bbox 833 1100 907 1141; x_wconf 90' lang='lat' dir='ltr'>cum</span> <span class='ocrx_word' id='word_1_53' title='bbox 929 1077 1086 1163; x_wconf 87' lang='lat' dir='ltr'>superiori</span> <span class='ocrx_word' id='word_1_54' title='bbox 1107 1078 1193 1142; x_wconf 88' lang='lat' dir='ltr'>Prae-</span> 
     </span>
     <span class='ocr_line' id='line_1_8' title="bbox 170 1188 1193 1274; baseline 0 -20"><span class='ocrx_word' id='word_1_55' title='bbox 170 1189 271 1274; x_wconf 83' lang='lat' dir='ltr'>posito</span> <span class='ocrx_word' id='word_1_56' title='bbox 286 1188 458 1254; x_wconf 87' lang='lat' dir='ltr'>commoda</span> <span class='ocrx_word' id='word_1_57' title='bbox 471 1189 569 1253; x_wconf 89' lang='lat' dir='ltr'>fuerit</span> <span class='ocrx_word' id='word_1_58' title='bbox 584 1189 844 1269; x_wconf 86' lang='lat' dir='ltr'>communicatio,</span> <span class='ocrx_word' id='word_1_59' title='bbox 860 1197 1019 1274; x_wconf 91' lang='lat' dir='ltr'>quantum</span> <span class='ocrx_word' id='word_1_60' title='bbox 1034 1190 1068 1253; x_wconf 92' lang='lat' dir='ltr'>in</span> <span class='ocrx_word' id='word_1_61' title='bbox 1078 1190 1193 1254; x_wconf 87' lang='lat' dir='ltr'>Domi-</span> 
     </span>
     <span class='ocr_line' id='line_1_9' title="bbox 171 1277 500 1386; baseline 0 -22"><span class='ocrx_word' id='word_1_62' title='bbox 171 1322 208 1364; x_wconf 94' lang='lat' dir='ltr'>no</span> <span class='ocrx_word' id='word_1_63' title='bbox 222 1300 257 1364; x_wconf 91' lang='lat' dir='ltr'>id</span> <span class='ocrx_word' id='word_1_64' title='bbox 271 1301 357 1364; x_wconf 91' lang='lat' dir='ltr'>effici</span> <span class='ocrx_word' id='word_1_65' title='bbox 370 1277 500 1386; x_wconf 84' lang='lat' dir='ltr'>poterit.</span> 
     </span>
    </p>

    <p class='ocr_par' dir='ltr' id='par_1_3' title="bbox 140 1413 1309 3400">
     <span class='ocr_line' id='line_1_10' title="bbox 140 1413 1192 1499; baseline 0 -23"><span class='ocrx_word' id='word_1_66' title='bbox 140 1414 372 1499; x_wconf 74' lang='lat' dir='ltr'>8P1aecipuum</span> <span class='ocrx_word' id='word_1_67' title='bbox 395 1413 565 1497; x_wconf 90' lang='lat' dir='ltr'>utriusque</span> <span class='ocrx_word' id='word_1_68' title='bbox 594 1413 696 1499; x_wconf 86' lang='lat' dir='ltr'>partis</span> <span class='ocrx_word' id='word_1_69' title='bbox 721 1414 888 1479; x_wconf 91' lang='lat' dir='ltr'>vinculum</span> <span class='ocrx_word' id='word_1_70' title='bbox 911 1414 952 1476; x_wconf 92' lang='lat' dir='ltr'>ad</span> <span class='ocrx_word' id='word_1_71' title='bbox 973 1413 1192 1477; x_wconf 89' lang='lat' dir='ltr'>membrorum</span> 
     </span>
     <span class='ocr_line' id='line_1_11' title="bbox 169 1521 1192 1610; baseline 0.001 -22"><span class='ocrx_word' id='word_1_72' title='bbox 169 1525 247 1590; x_wconf 88' lang='lat' dir='ltr'>inter</span> <span class='ocrx_word' id='word_1_73' title='bbox 258 1521 299 1588; x_wconf 71' lang='lat' dir='ltr'>¹se</span> <span class='ocrx_word' id='word_1_74' title='bbox 315 1537 349 1588; x_wconf 91' lang='lat' dir='ltr'>et</span> <span class='ocrx_word' id='word_1_75' title='bbox 364 1548 440 1589; x_wconf 92' lang='lat' dir='ltr'>cum</span> <span class='ocrx_word' id='word_1_76' title='bbox 455 1525 560 1610; x_wconf 85' lang='lat' dir='ltr'>capite</span> <span class='ocrx_word' id='word_1_77' title='bbox 576 1548 636 1589; x_wconf 89' lang='lat' dir='ltr'>suo</span> <span class='ocrx_word' id='word_1_78' title='bbox 651 1531 805 1589; x_wconf 92' lang='lat' dir='ltr'>unionem</span> <span class='ocrx_word' id='word_1_79' title='bbox 821 1547 912 1589; x_wconf 86' lang='lat' dir='ltr'>amor</span> <span class='ocrx_word' id='word_1_80' title='bbox 926 1536 976 1589; x_wconf 89' lang='lat' dir='ltr'>est</span> <span class='ocrx_word' id='word_1_81' title='bbox 991 1524 1054 1590; x_wconf 94' lang='lat' dir='ltr'>Dei</span> <span class='ocrx_word' id='word_1_82' title='bbox 1069 1547 1107 1589; x_wconf 90' lang='lat' dir='ltr'>ac</span> <span class='ocrx_word' id='word_1_83' title='bbox 1122 1526 1192 1589; x_wconf 93' lang='lat' dir='ltr'>Do-</span> 
     </span>
     <span class='ocr_line' id='line_1_12' title="bbox 169 1637 1193 1722; baseline 0.001 -21"><span class='ocrx_word' id='word_1_84' title='bbox 169 1637 244 1701; x_wconf 92' lang='lat' dir='ltr'>mini</span> <span class='ocrx_word' id='word_1_85' title='bbox 266 1637 372 1702; x_wconf 84' lang='lat' dir='ltr'>nostri</span> <span class='ocrx_word' id='word_1_86' title='bbox 386 1637 500 1702; x_wconf 85' lang='lat' dir='ltr'><strong>JESU</strong></span> <span class='ocrx_word' id='word_1_87' title='bbox 518 1637 651 1716; x_wconf 87' lang='lat' dir='ltr'>Christi,</span> <span class='ocrx_word' id='word_1_88' title='bbox 667 1660 743 1701; x_wconf 92' lang='lat' dir='ltr'>cum</span> <span class='ocrx_word' id='word_1_89' title='bbox 766 1637 859 1722; x_wconf 91' lang='lat' dir='ltr'>cujus</span> <span class='ocrx_word' id='word_1_90' title='bbox 882 1637 991 1701; x_wconf 90' lang='lat' dir='ltr'>divina</span> <span class='ocrx_word' id='word_1_91' title='bbox 1012 1659 1050 1701; x_wconf 87' lang='lat' dir='ltr'>ac</span> <span class='ocrx_word' id='word_1_92' title='bbox 1066 1660 1193 1702; x_wconf 91' lang='lat' dir='ltr'>summa</span> 
     </span>
     <span class='ocr_line' id='line_1_13' title="bbox 168 1749 1193 1836; baseline 0.001 -23"><span class='ocrx_word' id='word_1_93' title='bbox 168 1750 309 1815; x_wconf 88' lang='lat' dir='ltr'>bonitate</span> <span class='ocrx_word' id='word_1_94' title='bbox 325 1751 354 1814; x_wconf 92' lang='lat' dir='ltr'>si</span> <span class='ocrx_word' id='word_1_95' title='bbox 369 1750 523 1836; x_wconf 83' lang='lat' dir='ltr'>Superior</span> <span class='ocrx_word' id='word_1_96' title='bbox 538 1761 570 1814; x_wconf 90' lang='lat' dir='ltr'>et</span> <span class='ocrx_word' id='word_1_97' title='bbox 584 1749 750 1814; x_wconf 85' lang='lat' dir='ltr'>inferiores</span> <span class='ocrx_word' id='word_1_98' title='bbox 766 1750 858 1814; x_wconf 89' lang='lat' dir='ltr'>valde</span> <span class='ocrx_word' id='word_1_99' title='bbox 873 1750 958 1814; x_wconf 93' lang='lat' dir='ltr'>uniti</span> <span class='ocrx_word' id='word_1_100' title='bbox 973 1750 1104 1831; x_wconf 87' lang='lat' dir='ltr'>fuerint,</span> <span class='ocrx_word' id='word_1_101' title='bbox 1120 1773 1193 1836; x_wconf 89' lang='lat' dir='ltr'>per-</span> 
     </span>
     <span class='ocr_line' id='line_1_14' title="bbox 168 1861 1192 1947; baseline 0.003 -24"><span class='ocrx_word' id='word_1_102' title='bbox 168 1862 255 1925; x_wconf 81' lang='lat' dir='ltr'>facile</span> <span class='ocrx_word' id='word_1_103' title='bbox 276 1863 364 1926; x_wconf 80' lang='lat' dir='ltr'>intcr</span> <span class='ocrx_word' id='word_1_104' title='bbox 386 1862 510 1947; x_wconf 84' lang='lat' dir='ltr'>seipsos</span> <span class='ocrx_word' id='word_1_105' title='bbox 531 1861 687 1926; x_wconf 90' lang='lat' dir='ltr'>unientur</span> <span class='ocrx_word' id='word_1_106' title='bbox 698 1889 707 1941; x_wconf 86' lang='lat'>3</span> <span class='ocrx_word' id='word_1_107' title='bbox 737 1862 835 1946; x_wconf 91' lang='lat' dir='ltr'>idque</span> <span class='ocrx_word' id='word_1_108' title='bbox 858 1884 916 1947; x_wconf 88' lang='lat' dir='ltr'>per</span> <span class='ocrx_word' id='word_1_109' title='bbox 939 1862 1078 1925; x_wconf 91' lang='lat' dir='ltr'>eundem</span> <span class='ocrx_word' id='word_1_110' title='bbox 1099 1862 1192 1926; x_wconf 91' lang='lat' dir='ltr'>illum</span> 
     </span>
     <span class='ocr_line' id='line_1_15' title="bbox 169 1973 1192 2058; baseline 0.001 -21"><span class='ocrx_word' id='word_1_111' title='bbox 169 1995 307 2037; x_wconf 87' lang='lat' dir='ltr'>amorem</span> <span class='ocrx_word' id='word_1_112' title='bbox 322 1973 391 2053; x_wconf 91' lang='lat' dir='ltr'>fiet,</span> <span class='ocrx_word' id='word_1_113' title='bbox 406 1973 463 2057; x_wconf 94' lang='lat' dir='ltr'>qui</span> <span class='ocrx_word' id='word_1_114' title='bbox 478 1995 497 2036; x_wconf 85' lang='lat' dir='ltr'>a</span> <span class='ocrx_word' id='word_1_115' title='bbox 511 1974 583 2038; x_wconf 93' lang='lat' dir='ltr'>Deo</span> <span class='ocrx_word' id='word_1_116' title='bbox 607 1974 806 2037; x_wconf 90' lang='lat' dir='ltr'>descendens</span> <span class='ocrx_word' id='word_1_117' title='bbox 830 1973 872 2036; x_wconf 89' lang='lat' dir='ltr'>ad</span> <span class='ocrx_word' id='word_1_118' title='bbox 893 1995 1005 2037; x_wconf 91' lang='lat' dir='ltr'>omnes</span> <span class='ocrx_word' id='word_1_119' title='bbox 1028 1973 1192 2058; x_wconf 87' lang='lat' dir='ltr'>proximos</span> 
     </span>
     <span class='ocr_line' id='line_1_16' title="bbox 168 2086 1192 2172; baseline 0.002 -22"><span class='ocrx_word' id='word_1_120' title='bbox 168 2108 201 2150; x_wconf 87' lang='lat' dir='ltr'>ac</span> <span class='ocrx_word' id='word_1_121' title='bbox 229 2086 386 2172; x_wconf 87' lang='lat' dir='ltr'>peculiari</span> <span class='ocrx_word' id='word_1_122' title='bbox 420 2087 544 2151; x_wconf 88' lang='lat' dir='ltr'>ratione</span> <span class='ocrx_word' id='word_1_123' title='bbox 580 2088 622 2150; x_wconf 87' lang='lat' dir='ltr'>ad</span> <span class='ocrx_word' id='word_1_124' title='bbox 656 2109 774 2172; x_wconf 89' lang='lat' dir='ltr'>corpus</span> <span class='ocrx_word' id='word_1_125' title='bbox 815 2086 984 2150; x_wconf 86' lang='lat' dir='ltr'>Societatis</span> <span class='ocrx_word' id='word_1_126' title='bbox 1018 2087 1192 2171; x_wconf 80' lang='lat' dir='ltr'>pertinget.</span> 
     </span>
     <span class='ocr_line' id='line_1_17' title="bbox 169 2197 1193 2283; baseline -0.001 -21"><span class='ocrx_word' id='word_1_127' title='bbox 169 2197 316 2262; x_wconf 87' lang='lat' dir='ltr'>Charitas</span> <span class='ocrx_word' id='word_1_128' title='bbox 331 2198 452 2283; x_wconf 88' lang='lat' dir='ltr'>itaque,</span> <span class='ocrx_word' id='word_1_129' title='bbox 468 2211 511 2278; x_wconf 93' lang='lat' dir='ltr'>et,</span> <span class='ocrx_word' id='word_1_130' title='bbox 526 2210 564 2262; x_wconf 93' lang='lat' dir='ltr'>ut</span> <span class='ocrx_word' id='word_1_131' title='bbox 579 2199 613 2262; x_wconf 92' lang='lat' dir='ltr'>in</span> <span class='ocrx_word' id='word_1_132' title='bbox 634 2199 821 2263; x_wconf 90' lang='lat' dir='ltr'>universum</span> <span class='ocrx_word' id='word_1_133' title='bbox 844 2197 980 2276; x_wconf 90' lang='lat' dir='ltr'>dicatur,</span> <span class='ocrx_word' id='word_1_134' title='bbox 996 2197 1102 2262; x_wconf 91' lang='lat' dir='ltr'>omnis</span> <span class='ocrx_word' id='word_1_135' title='bbox 1117 2220 1193 2282; x_wconf 91' lang='lat' dir='ltr'>pro-</span> 
     </span>
     <span class='ocr_line' id='line_1_18' title="bbox 167 2309 1192 2396; baseline -0.001 -23"><span class='ocrx_word' id='word_1_136' title='bbox 167 2309 248 2374; x_wconf 86' lang='lat' dir='ltr'>bitas</span> <span class='ocrx_word' id='word_1_137' title='bbox 271 2332 309 2374; x_wconf 88' lang='lat' dir='ltr'>ac</span> <span class='ocrx_word' id='word_1_138' title='bbox 328 2310 443 2389; x_wconf 84' lang='lat' dir='ltr'>virtus,</span> <span class='ocrx_word' id='word_1_139' title='bbox 467 2332 532 2394; x_wconf 91' lang='lat' dir='ltr'>qua</span> <span class='ocrx_word' id='word_1_140' title='bbox 548 2309 645 2395; x_wconf 87' lang='lat' dir='ltr'>juxta</span> <span class='ocrx_word' id='word_1_141' title='bbox 667 2311 817 2396; x_wconf 89' lang='lat' dir='ltr'>spiritum</span> <span class='ocrx_word' id='word_1_142' title='bbox 838 2309 901 2374; x_wconf 96' lang='lat' dir='ltr'>Dei</span> <span class='ocrx_word' id='word_1_143' title='bbox 924 2310 1129 2394; x_wconf 86' lang='lat' dir='ltr'>procedatur,</span> <span class='ocrx_word' id='word_1_144' title='bbox 1151 2311 1192 2373; x_wconf 87' lang='lat' dir='ltr'>ad</span> 
     </span>
     <span class='ocr_line' id='line_1_19' title="bbox 168 2420 1193 2513; baseline 0 -29"><span class='ocrx_word' id='word_1_145' title='bbox 168 2421 320 2486; x_wconf 91' lang='lat' dir='ltr'>unionem</span> <span class='ocrx_word' id='word_1_146' title='bbox 335 2443 375 2485; x_wconf 83' lang='lat' dir='ltr'>ex</span> <span class='ocrx_word' id='word_1_147' title='bbox 388 2434 525 2513; x_wconf 84' lang='lat' dir='ltr'>utraque</span> <span class='ocrx_word' id='word_1_148' title='bbox 541 2434 632 2506; x_wconf 85' lang='lat' dir='ltr'>parte</span> <span class='ocrx_word' id='word_1_149' title='bbox 650 2420 790 2506; x_wconf 85' lang='lat' dir='ltr'>juvabit,</span> <span class='ocrx_word' id='word_1_150' title='bbox 806 2431 850 2500; x_wconf 91' lang='lat' dir='ltr'>et,</span> <span class='ocrx_word' id='word_1_151' title='bbox 868 2422 968 2505; x_wconf 92' lang='lat' dir='ltr'>(quod</span> <span class='ocrx_word' id='word_1_152' title='bbox 989 2420 1064 2484; x_wconf 89' lang='lat' dir='ltr'>inde</span> <span class='ocrx_word' id='word_1_153' title='bbox 1085 2420 1193 2505; x_wconf 84' lang='lat' dir='ltr'>sequi-</span> 
     </span>
     <span class='ocr_line' id='line_1_20' title="bbox 168 2533 1192 2620; baseline 0 -22"><span class='ocrx_word' id='word_1_154' title='bbox 168 2537 228 2619; x_wconf 89' lang='lat' dir='ltr'>tur)</span> <span class='ocrx_word' id='word_1_155' title='bbox 243 2534 351 2599; x_wconf 89' lang='lat' dir='ltr'>omnis</span> <span class='ocrx_word' id='word_1_156' title='bbox 365 2557 472 2598; x_wconf 91' lang='lat' dir='ltr'>rerum</span> <span class='ocrx_word' id='word_1_157' title='bbox 488 2535 716 2620; x_wconf 84' lang='lat' dir='ltr'>temporalium</span> <span class='ocrx_word' id='word_1_158' title='bbox 732 2546 950 2620; x_wconf 90' lang='lat' dir='ltr'>contemptus,</span> <span class='ocrx_word' id='word_1_159' title='bbox 960 2534 994 2598; x_wconf 93' lang='lat' dir='ltr'>in</span> <span class='ocrx_word' id='word_1_160' title='bbox 1010 2533 1129 2618; x_wconf 88' lang='lat' dir='ltr'>quibus</span> <span class='ocrx_word' id='word_1_161' title='bbox 1141 2536 1192 2599; x_wconf 90' lang='lat' dir='ltr'>sui</span> 
     </span>
     <span class='ocr_line' id='line_1_21' title="bbox 167 2645 1309 2732; baseline 0.002 -23"><span class='ocrx_word' id='word_1_162' title='bbox 167 2647 266 2732; x_wconf 86' lang='lat' dir='ltr'>ipsius</span> <span class='ocrx_word' id='word_1_163' title='bbox 282 2669 383 2725; x_wconf 89' lang='lat' dir='ltr'>amor,</span> <span class='ocrx_word' id='word_1_164' title='bbox 399 2645 608 2732; x_wconf 85' lang='lat' dir='ltr'>gravissimus</span> <span class='ocrx_word' id='word_1_165' title='bbox 630 2646 728 2731; x_wconf 91' lang='lat' dir='ltr'>hujus</span> <span class='ocrx_word' id='word_1_166' title='bbox 750 2646 881 2710; x_wconf 89' lang='lat' dir='ltr'>unionis</span> <span class='ocrx_word' id='word_1_167' title='bbox 904 2668 941 2710; x_wconf 89' lang='lat' dir='ltr'>ac</span> <span class='ocrx_word' id='word_1_168' title='bbox 961 2646 1041 2710; x_wconf 91' lang='lat' dir='ltr'>boni</span> <span class='ocrx_word' id='word_1_169' title='bbox 1062 2647 1192 2711; x_wconf 90' lang='lat' dir='ltr'>univer·</span> <span class='ocrx_word' id='word_1_170' title='bbox 1304 2678 1309 2688; x_wconf 95' lang='lat'>·</span> 
     </span>
     <span class='ocr_line' id='line_1_22' title="bbox 167 2758 1192 2839; baseline 0 -17"><span class='ocrx_word' id='word_1_171' title='bbox 167 2759 239 2823; x_wconf 88' lang='lat' dir='ltr'>salis</span> <span class='ocrx_word' id='word_1_172' title='bbox 261 2758 377 2839; x_wconf 89' lang='lat' dir='ltr'>hostis,</span> <span class='ocrx_word' id='word_1_173' title='bbox 397 2781 500 2824; x_wconf 86' lang='lat' dir='ltr'>errare</span> <span class='ocrx_word' id='word_1_174' title='bbox 524 2759 615 2822; x_wconf 89' lang='lat' dir='ltr'>solet.</span> <span class='ocrx_word' id='word_1_175' title='bbox 660 2758 808 2821; x_wconf 90' lang='lat' dir='ltr'>Multum</span> <span class='ocrx_word' id='word_1_176' title='bbox 829 2758 926 2822; x_wconf 87' lang='lat' dir='ltr'>etiam</span> <span class='ocrx_word' id='word_1_177' title='bbox 949 2759 1092 2823; x_wconf 91' lang='lat' dir='ltr'>conferet</span> <span class='ocrx_word' id='word_1_178' title='bbox 1114 2782 1192 2824; x_wconf 92' lang='lat' dir='ltr'>con-</span> 
     </span>
     <span class='ocr_line' id='line_1_23' title="bbox 166 2869 1191 2955; baseline 0 -21"><span class='ocrx_word' id='word_1_179' title='bbox 166 2870 270 2934; x_wconf 89' lang='lat' dir='ltr'>sensio</span> <span class='ocrx_word' id='word_1_180' title='bbox 286 2882 359 2934; x_wconf 92' lang='lat' dir='ltr'>tum</span> <span class='ocrx_word' id='word_1_181' title='bbox 380 2870 416 2934; x_wconf 91' lang='lat' dir='ltr'>in</span> <span class='ocrx_word' id='word_1_182' title='bbox 437 2869 666 2949; x_wconf 86' lang='lat' dir='ltr'>interioribus3</span> <span class='ocrx_word' id='word_1_183' title='bbox 697 2884 735 2933; x_wconf 90' lang='lat' dir='ltr'>ut</span> <span class='ocrx_word' id='word_1_184' title='bbox 757 2880 806 2933; x_wconf 89' lang='lat' dir='ltr'>est</span> <span class='ocrx_word' id='word_1_185' title='bbox 829 2869 986 2948; x_wconf 91' lang='lat' dir='ltr'>doctrina,</span> <span class='ocrx_word' id='word_1_186' title='bbox 1003 2869 1138 2955; x_wconf 89' lang='lat' dir='ltr'>judicia,</span> <span class='ocrx_word' id='word_1_187' title='bbox 1153 2893 1191 2934; x_wconf 92' lang='lat' dir='ltr'>ac</span> 
     </span>
     <span class='ocr_line' id='line_1_24' title="bbox 165 2981 1191 3067; baseline 0.001 -23"><span class='ocrx_word' id='word_1_188' title='bbox 165 2983 358 3060; x_wconf 89' lang='lat' dir='ltr'>voluntates,</span> <span class='ocrx_word' id='word_1_189' title='bbox 374 2982 551 3067; x_wconf 89' lang='lat' dir='ltr'>quoadejus</span> <span class='ocrx_word' id='word_1_190' title='bbox 567 2982 637 3045; x_wconf 89' lang='lat' dir='ltr'>fieri</span> <span class='ocrx_word' id='word_1_191' title='bbox 651 2981 789 3066; x_wconf 87' lang='lat' dir='ltr'>poterit3</span> <span class='ocrx_word' id='word_1_192' title='bbox 812 2981 996 3044; x_wconf 81' lang='lat' dir='ltr'>tumetium</span> <span class='ocrx_word' id='word_1_193' title='bbox 1017 2981 1052 3044; x_wconf 92' lang='lat' dir='ltr'>in</span> <span class='ocrx_word' id='word_1_194' title='bbox 1075 2983 1191 3045; x_wconf 86' lang='lat' dir='ltr'>exteri-</span> 
     </span>
     <span class='ocr_line' id='line_1_25' title="bbox 165 3092 1190 3177; baseline 0 -21"><span class='ocrx_word' id='word_1_195' title='bbox 165 3092 295 3172; x_wconf 83' lang='lat' dir='ltr'>oribus3</span> <span class='ocrx_word' id='word_1_196' title='bbox 326 3106 364 3157; x_wconf 92' lang='lat' dir='ltr'>ut</span> <span class='ocrx_word' id='word_1_197' title='bbox 390 3105 439 3158; x_wconf 90' lang='lat' dir='ltr'>est</span> <span class='ocrx_word' id='word_1_198' title='bbox 464 3094 612 3173; x_wconf 85' lang='lat' dir='ltr'>vestitus,</span> <span class='ocrx_word' id='word_1_199' title='bbox 639 3092 827 3157; x_wconf 90' lang='lat' dir='ltr'>ceremoniae</span> <span class='ocrx_word' id='word_1_200' title='bbox 856 3093 975 3171; x_wconf 86' lang='lat' dir='ltr'>missae,</span> <span class='ocrx_word' id='word_1_201' title='bbox 1001 3093 1190 3177; x_wconf 88' lang='lat' dir='ltr'>etreliqua,</span> 
     </span>
     <span class='ocr_line' id='line_1_26' title="bbox 164 3203 1190 3289; baseline 0.001 -22"><span class='ocrx_word' id='word_1_202' title='bbox 164 3216 324 3288; x_wconf 89' lang='lat' dir='ltr'>quantum</span> <span class='ocrx_word' id='word_1_203' title='bbox 338 3227 560 3289; x_wconf 85' lang='lat' dir='ltr'>personarum,</span> <span class='ocrx_word' id='word_1_204' title='bbox 576 3216 609 3270; x_wconf 93' lang='lat' dir='ltr'>et</span> <span class='ocrx_word' id='word_1_205' title='bbox 622 3205 779 3283; x_wconf 88' lang='lat' dir='ltr'>locorum,</span> <span class='ocrx_word' id='word_1_206' title='bbox 795 3215 827 3268; x_wconf 90' lang='lat' dir='ltr'>et</span> <span class='ocrx_word' id='word_1_207' title='bbox 849 3216 1039 3269; x_wconf 84' lang='lat' dir='ltr'>caeterorum</span> <span class='ocrx_word' id='word_1_208' title='bbox 1053 3203 1190 3268; x_wconf 85' lang='lat' dir='ltr'>varietas</span> 
     </span>
     <span class='ocr_line' id='line_1_27' title="bbox 164 3317 341 3400; baseline 0 -19"><span class='ocrx_word' id='word_1_209' title='bbox 164 3317 341 3400; x_wconf 87' lang='lat' dir='ltr'>permittet.</span> 
     </span>
    </p>

    <p class='ocr_par' dir='ltr' id='par_1_4' title="bbox 128 3429 1190 4077">
     <span class='ocr_line' id='line_1_28' title="bbox 128 3429 1190 3517; baseline 0.004 -25"><span class='ocrx_word' id='word_1_210' title='bbox 128 3434 146 3490; x_wconf 87' lang='lat'><strong>9</strong></span> <span class='ocrx_word' id='word_1_211' title='bbox 166 3429 367 3515; x_wconf 82' lang='lat' dir='ltr'>Magnopere</span> <span class='ocrx_word' id='word_1_212' title='bbox 383 3431 480 3494; x_wconf 89' lang='lat' dir='ltr'>etiam</span> <span class='ocrx_word' id='word_1_213' title='bbox 498 3430 619 3516; x_wconf 89' lang='lat' dir='ltr'>juverit</span> <span class='ocrx_word' id='word_1_214' title='bbox 634 3431 815 3495; x_wconf 89' lang='lat' dir='ltr'>litterarum</span> <span class='ocrx_word' id='word_1_215' title='bbox 836 3433 922 3496; x_wconf 90' lang='lat' dir='ltr'>ultro</span> <span class='ocrx_word' id='word_1_216' title='bbox 945 3433 1089 3517; x_wconf 89' lang='lat' dir='ltr'>citroque</span> <span class='ocrx_word' id='word_1_217' title='bbox 1111 3431 1190 3497; x_wconf 91' lang='lat' dir='ltr'>mis-</span> 
     </span>
     <span class='ocr_line' id='line_1_29' title="bbox 165 3543 1190 3628; baseline 0.003 -23"><span class='ocrx_word' id='word_1_218' title='bbox 165 3563 272 3605; x_wconf 88' lang='lat' dir='ltr'>sarum</span> <span class='ocrx_word' id='word_1_219' title='bbox 294 3543 380 3606; x_wconf 90' lang='lat' dir='ltr'>inter</span> <span class='ocrx_word' id='word_1_220' title='bbox 398 3543 563 3608; x_wconf 89' lang='lat' dir='ltr'>inferiores</span> <span class='ocrx_word' id='word_1_221' title='bbox 584 3555 617 3607; x_wconf 90' lang='lat' dir='ltr'>et</span> <span class='ocrx_word' id='word_1_222' title='bbox 641 3543 830 3628; x_wconf 85' lang='lat' dir='ltr'>Superiores</span> <span class='ocrx_word' id='word_1_223' title='bbox 853 3545 1006 3627; x_wconf 86' lang='lat' dir='ltr'>frequens</span> <span class='ocrx_word' id='word_1_224' title='bbox 1033 3566 1190 3610; x_wconf 89' lang='lat' dir='ltr'>commer-</span> 
     </span>
     <span class='ocr_line' id='line_1_30' title="bbox 165 3652 1189 3732; baseline 0.004 -16"><span class='ocrx_word' id='word_1_225' title='bbox 165 3652 254 3732; x_wconf 89' lang='lat' dir='ltr'>tium,</span> <span class='ocrx_word' id='word_1_226' title='bbox 279 3665 312 3718; x_wconf 88' lang='lat' dir='ltr'>et</span> <span class='ocrx_word' id='word_1_227' title='bbox 341 3653 453 3718; x_wconf 77' lang='lat' dir='ltr'>crebro</span> <span class='ocrx_word' id='word_1_228' title='bbox 483 3654 562 3720; x_wconf 88' lang='lat' dir='ltr'>alios</span> <span class='ocrx_word' id='word_1_229' title='bbox 588 3656 628 3719; x_wconf 89' lang='lat' dir='ltr'>de</span> <span class='ocrx_word' id='word_1_230' title='bbox 654 3655 725 3719; x_wconf 93' lang='lat' dir='ltr'>aliis</span> <span class='ocrx_word' id='word_1_231' title='bbox 749 3654 899 3719; x_wconf 89' lang='lat' dir='ltr'>certiores</span> <span class='ocrx_word' id='word_1_232' title='bbox 922 3655 992 3718; x_wconf 89' lang='lat' dir='ltr'>fieri</span> <span class='ocrx_word' id='word_1_233' title='bbox 1017 3678 1055 3719; x_wconf 93' lang='lat' dir='ltr'>ac</span> <span class='ocrx_word' id='word_1_234' title='bbox 1079 3657 1189 3720; x_wconf 86' lang='lat' dir='ltr'>audire</span> 
     </span>
     <span class='ocr_line' id='line_1_31' title="bbox 166 3764 1189 3851; baseline 0.003 -23"><span class='ocrx_word' id='word_1_235' title='bbox 166 3785 235 3847; x_wconf 85' lang='lat' dir='ltr'>quae</span> <span class='ocrx_word' id='word_1_236' title='bbox 262 3787 303 3828; x_wconf 85' lang='lat' dir='ltr'>ex</span> <span class='ocrx_word' id='word_1_237' title='bbox 325 3764 421 3830; x_wconf 88' lang='lat' dir='ltr'>variis</span> <span class='ocrx_word' id='word_1_238' title='bbox 451 3765 531 3830; x_wconf 92' lang='lat' dir='ltr'>locis</span> <span class='ocrx_word' id='word_1_239' title='bbox 565 3767 606 3830; x_wconf 87' lang='lat' dir='ltr'>ad</span> <span class='ocrx_word' id='word_1_240' title='bbox 636 3766 893 3846; x_wconf 87' lang='lat' dir='ltr'>aedificationem,</span> <span class='ocrx_word' id='word_1_241' title='bbox 914 3778 947 3830; x_wconf 91' lang='lat' dir='ltr'>et</span> <span class='ocrx_word' id='word_1_242' title='bbox 969 3789 1091 3846; x_wconf 90' lang='lat' dir='ltr'>eorum,</span> <span class='ocrx_word' id='word_1_243' title='bbox 1116 3790 1189 3851; x_wconf 90' lang='lat' dir='ltr'>quae</span> 
     </span>
     <span class='ocr_line' id='line_1_32' title="bbox 167 3876 1189 3963; baseline 0.005 -25"><span class='ocrx_word' id='word_1_244' title='bbox 167 3887 330 3958; x_wconf 83' lang='lat' dir='ltr'>geruntur,</span> <span class='ocrx_word' id='word_1_245' title='bbox 346 3876 576 3962; x_wconf 81' lang='lat' dir='ltr'>cognitionem,</span> <span class='ocrx_word' id='word_1_246' title='bbox 595 3879 794 3955; x_wconf 88' lang='lat' dir='ltr'>afferuntur;</span> <span class='ocrx_word' id='word_1_247' title='bbox 824 3877 918 3962; x_wconf 87' lang='lat' dir='ltr'>cujus</span> <span class='ocrx_word' id='word_1_248' title='bbox 940 3877 986 3941; x_wconf 92' lang='lat' dir='ltr'>rei</span> <span class='ocrx_word' id='word_1_249' title='bbox 1009 3877 1189 3963; x_wconf 84' lang='lat' dir='ltr'>Superiori-</span> 
     </span>
     <span class='ocr_line' id='line_1_33' title="bbox 168 3985 1189 4077; baseline 0.004 -27"><span class='ocrx_word' id='word_1_250' title='bbox 168 3985 235 4068; x_wconf 90' lang='lat' dir='ltr'>bus,</span> <span class='ocrx_word' id='word_1_251' title='bbox 254 4010 291 4054; x_wconf 88' lang='lat' dir='ltr'>ac</span> <span class='ocrx_word' id='word_1_252' title='bbox 313 3991 477 4077; x_wconf 85' lang='lat' dir='ltr'>praecipue</span> <span class='ocrx_word' id='word_1_253' title='bbox 503 3992 664 4072; x_wconf 84' lang='lat' dir='ltr'>Generali,</span> <span class='ocrx_word' id='word_1_254' title='bbox 689 4005 722 4058; x_wconf 88' lang='lat' dir='ltr'>et</span> <span class='ocrx_word' id='word_1_255' title='bbox 746 3989 999 4057; x_wconf 88' lang='lat' dir='ltr'>Provincialibus</span> <span class='ocrx_word' id='word_1_256' title='bbox 1023 4013 1101 4055; x_wconf 88' lang='lat' dir='ltr'>cura</span> <span class='ocrx_word' id='word_1_257' title='bbox 1117 3990 1189 4068; x_wconf 91' lang='lat' dir='ltr'>erit,</span> 
     </span>
    </p>
   </div>
   <div class='ocr_carea' id='block_1_3' title="bbox 1167 4342 1297 4440">
    <p class='ocr_par' dir='ltr' id='par_1_5' title="bbox 1167 4342 1297 4440">
     <span class='ocr_line' id='line_1_34' title="bbox 1167 4342 1297 4440; baseline 0 0"><span class='ocrx_word' id='word_1_258' title='bbox 1167 4342 1297 4440; x_wconf 67' lang='grc' dir='ltr'>Α</span> 
     </span>
    </p>
   </div>
   <div class='ocr_carea' id='block_1_4' title="bbox 0 0 1328 4732">
    <p class='ocr_par' dir='ltr' id='par_1_6' title="bbox 0 0 1328 4732">
     <span class='ocr_line' id='line_1_35' title="bbox 0 0 1328 4732; baseline 0 3"><span class='ocrx_word' id='word_1_259' title='bbox 0 0 1328 4732; x_wconf 95' lang='lat' dir='ltr'> </span> 
     </span>
    </p>
   </div>
  </div>
 </body>
</html>
