2646 4732
467 835 714 955 surra
761 857 984 969 raam

230 1068 267 1133 de
281 1069 333 1147 ta,
350 1069 404 1149 qni
418 1068 558 1145 admissi,
574 1072 606 1129 et
623 1067 657 1129 ia
672 1084 785 1146 corpas
798 1062 968 1126 societatis
983 1064 1121 1144 cooptati
1135 1066 1218 1140 caat,

426 1179 510 1259 qaod
523 1178 567 1240 ad
578 1179 718 1258 ipsoram
727 1195 881 1256 personas
896 1175 1022 1238 attinet.

659 1393 790 1409 ἡ

316 1571 363 1617 DE
382 1575 442 1632 118,
459 1570 541 1621 QUAE
558 1573 609 1615 AD
626 1570 888 1615 ossnnrnNmAM
906 1567 1131 1613 PERTINENT.

656 1686 754 1751 CAP.
778 1687 806 1750 1.

203 1834 219 1892 1
345 1825 446 1904 Tilli,
462 1825 518 1908 qui
535 1825 604 1909 jam
620 1824 662 1887 ad
676 1824 920 1909 professionem,
936 1823 987 1887 vel
1005 1822 1040 1887 in
1059 1821 1275 1908 Coadjutores

247 1823 502 2035 Usormatos
524 1935 657 1999 admissi
683 1947 771 2013 sunt,
789 1935 930 1999 uberiori
952 1925 1028 1999 cum
1050 1935 1160 1999 fructu
1177 1933 1275 2020 juxta

245 2058 394 2113 nostrum
411 2047 606 2111 Institutum
621 2046 731 2110 divino
747 2047 887 2127 servitio,
899 2057 932 2110 et
945 2045 1169 2132 proximorum
1183 2046 1276 2110 auxi-

242 2161 295 2226 liis
311 2183 345 2226 se
360 2160 572 2246 impendant3
603 2159 711 2243 aliqua
729 2160 763 2223 in
786 2182 820 2224 se
843 2159 922 2245 ipsis
945 2159 1113 2224 observare
1129 2158 1274 2238 debent3

244 2294 385 2359 quorum
398 2271 564 2358 praecipua
577 2272 653 2336 licet
676 2272 717 2335 ad
739 2293 777 2336 ea
797 2282 883 2351 vota,
898 2294 971 2356 quae
986 2273 1060 2336 Deo
1079 2283 1113 2336 et
1128 2271 1276 2336 Creatori

243 2395 356 2449 nostro
374 2383 470 2468 juxta
484 2383 608 2447 litteras
622 2382 827 2467 Apostolicas
842 2383 1043 2463 obtulerunt,
1057 2383 1257 2447 reducantur
1265 2409 1275 2462 3

243 2497 284 2560 de
298 2493 362 2557 illis
378 2506 498 2572 tamen,
508 2505 546 2556 ut
560 2493 665 2578 magis
680 2501 713 2556 et
724 2494 937 2573 declarentur,
946 2505 980 2558 et
995 2493 1276 2574 commendentur,

245 2607 282 2670 in
295 2606 358 2669 hac
374 2614 465 2668 sexta
478 2614 573 2689 parte
586 2603 721 2668 dicetur.
766 2605 811 2668 Et
834 2605 987 2689 quoniam
1010 2628 1082 2690 quae
1105 2607 1147 2672 ad
1161 2613 1276 2671 votum

246 2716 416 2784 Castitatis
429 2715 606 2802 pertinent,
621 2715 886 2801 interpretatione
908 2740 976 2782 non
997 2718 1165 2804 indigent3
1196 2740 1272 2783 cum

247 2836 386 2907 constet,
401 2826 500 2912 quim
520 2826 562 2891 sit
583 2826 725 2912 perfecte
747 2827 958 2907 observanda,
980 2851 1098 2915 nempe
1120 2829 1275 2894 enitendo

247 2939 439 3026 Angelicam
461 2937 637 3024 puritatem
659 2937 778 3002 imitari
797 2950 831 3003 et
850 2939 1005 3025 corporis,
1027 2940 1203 3005 etmentis
1218 2964 1276 3006 no·

246 3062 323 3116 strae
353 3047 538 3115 munditia=
572 3047 636 3114 His
662 3049 851 3134 suppositis,
876 3050 917 3114 de
942 3062 1054 3115 sancta
1079 3051 1277 3117 Obedicntia

248 3163 393 3240 dicetur3
415 3161 450 3225 in
465 3181 531 3244 qua
545 3160 678 3244 quidem
693 3160 812 3224 virtute
827 3161 979 3226 omnibus
1001 3162 1145 3228 studiose
1160 3187 1276 3230 curan-

249 3275 329 3339 dum
344 3282 404 3350 est,
418 3283 457 3334 ut
472 3270 626 3334 eximium
648 3292 856 3355 progressum
877 3272 1008 3352 faciant,
1030 3296 1091 3338 nec
1112 3275 1221 3340 solum
1242 3276 1276 3340 in

247 3385 345 3450 rebus
367 3381 577 3466 obligatoriis,
599 3382 657 3446 sed
680 3381 778 3446 etiam
803 3383 838 3447 in
858 3383 951 3463 aliis3
973 3384 1049 3449 licet
1071 3365 1154 3450 nihil
1176 3388 1276 3470 aliud,

249 3517 348 3582 quam
363 3499 458 3557 actas
472 3494 645 3557 voluntatis
662 3493 842 3575 Superioris
857 3497 924 3559 aiae
945 3498 1009 3560 ulto
1030 3518 1176 3578 capream
1193 3521 1277 3582 pra-

250 3614 348 3691 ceptc,
369 3606 539 3669 videretur.
584 3604 713 3668 Versari
737 3617 846 3671 autem
869 3607 966 3671 debet
988 3607 1030 3672 ob
1053 3609 1166 3674 oculos
1181 3611 1279 3677 Deus

251 3721 385 3786 Creator
400 3738 437 3780 ac
452 3716 617 3781 Dominus
633 3724 754 3797 noster,
768 3732 901 3804 propter
916 3742 1013 3804 quem
1028 3721 1154 3786 homini
1168 3723 1280 3788 obedi-

252 3830 339 3896 entia
363 3839 554 3914 praestatur:
587 3838 620 3890 et
645 3837 683 3890 ut
708 3827 743 3891 in
768 3829 884 3915 spiritu
910 3831 1039 3911 amoris,
1058 3843 1092 3895 et
1113 3853 1181 3898 non
1204 3856 1280 3900 cum

253 3938 495 4029 perturbatione
517 3937 641 4002 timoris
663 3941 867 4022 procedatur,
890 3943 1069 4007 curandum
1092 3954 1153 4024 est,
1174 3945 1223 4010 ita
1244 3959 1282 4013 ut

252 4074 365 4120 omnes
388 4051 550 4116 constanti
564 4051 672 4115 animo
687 4049 925 4134 incumbamus,
947 4067 985 4119 ut
1004 4055 1087 4119 nihil
1107 4057 1283 4141 perfectio·
