2646 4732
116 342 157 400 24
490 356 814 400 cousumumonuu

120 574 122 579 .
180 520 366 605 dispensare
396 521 569 605 quicquam
599 521 639 585 de
668 520 719 600 iis,
744 541 818 605 quac
842 519 930 584 domi
955 531 1044 600 sunt,
1068 518 1203 584 minimi

157 689 163 698 .
178 640 329 717 possunt,
343 631 405 696 nisi
421 631 575 718 Superior
588 631 737 696 conscius
748 652 943 696 consensum
957 629 1156 717 praestiterit.

138 748 159 806 9
183 742 250 809 Qui
263 742 298 806 in
308 742 457 829 ingressu
471 743 553 829 ipso,
567 743 619 806 vel
633 754 708 828 post
721 742 905 829 ingressum
919 743 962 808 ad
972 741 1202 808 Obedientiam

181 862 289 918 motus
304 876 363 918 sua
377 854 558 933 devotione,
571 854 667 919 vellet
681 854 768 919 bona
790 876 849 919 sua
869 855 921 920 vel
942 872 1054 919 comm
1075 860 1202 939 portem

181 968 216 1029 ia
245 965 414 1030 societatis
442 966 613 1030 cubadum
642 965 849 1052 dispensata3
879 965 970 1029 hand
996 964 1095 1029 dubie
1118 987 1202 1051 opus

180 1076 299 1141 faceret
313 1077 442 1162 majoris
456 1077 673 1163 perfectionis,
693 1077 907 1157 alienationis,
921 1088 955 1142 et
977 1076 1202 1162 abnegationis

180 1187 323 1253 universi
336 1188 453 1253 amoris
467 1188 590 1275 proprii
604 1211 671 1255 non
686 1189 912 1254 descendendo
933 1200 1045 1254 tenero
1059 1180 1201 1272 quodam

180 1299 298 1364 affectu
320 1300 363 1364 ad
386 1299 591 1386 particularia
613 1301 695 1381 loca,
721 1323 781 1366 nec
806 1300 903 1386 juxta
923 1299 1015 1364 illum
1033 1321 1093 1364 sua
1114 1299 1202 1365 bona

181 1411 257 1475 huic
270 1411 391 1497 potius,
402 1434 500 1497 qnam
514 1412 561 1476 illi
576 1405 782 1498 applicando:
805 1412 884 1497 quin
899 1412 1008 1498 potius
1018 1412 1201 1497 exoptando

180 1521 285 1607 majus
309 1530 342 1587 et
364 1523 575 1588 universalius
604 1523 728 1589 bonum
755 1523 925 1588 Societatis
953 1524 1038 1607 (quae
1063 1531 1133 1588 tota
1159 1523 1201 1588 ad

180 1633 334 1718 majorem
349 1634 413 1700 Dei
427 1635 572 1721 gloriam,
587 1658 624 1700 ac
639 1635 818 1701 universale
832 1634 968 1716 bonnm,
978 1643 1012 1700 et
1027 1635 1200 1700 utilitatem

181 1745 360 1810 animarum
378 1745 530 1812 instituta
550 1747 612 1831 est)
637 1748 699 1811 hoc
715 1747 877 1833 judicium
899 1746 929 1811 ei
950 1746 1121 1831 relinquat,
1144 1747 1202 1833 qui

179 1854 249 1941 ejus
277 1857 436 1923 universae
466 1880 576 1922 curam
605 1857 715 1938 habet,
745 1881 825 1922 num
850 1858 1004 1944 applicari
1029 1858 1106 1923 huic
1128 1859 1201 1925 loco

178 1968 299 2054 potius,
322 1971 419 2054 quim
439 1970 486 2034 illi
510 1971 545 2035 in
565 1972 678 2036 eadem
701 1970 869 2036 Provincia
888 1970 1024 2037 debeat:
1055 1971 1202 2056 qnando-

178 2079 311 2165 quidem
339 2081 392 2146 ille
418 2081 548 2163 melius,
578 2084 676 2167 quim
705 2082 877 2169 quisquam
911 2082 993 2147 alius
1021 2081 1201 2168 intelligere

177 2201 297 2276 potest,
317 2192 397 2276 quid
415 2194 554 2258 maxima
572 2193 754 2274 conveniat,
769 2201 803 2259 et
824 2193 905 2278 quid
927 2192 1064 2258 maxime
1086 2205 1202 2279 urgeat

177 2301 212 2366 in
227 2303 379 2369 omnibus
394 2304 463 2389 ejus
478 2306 568 2386 locis,
582 2306 705 2371 ratione
721 2305 832 2370 habita
845 2307 984 2392 Regum,
1001 2304 1201 2391 Principum,

178 2435 216 2478 aa
235 2414 371 2479 aliorum
392 2416 624 2481 Potentatuum
635 2442 645 2495 ;
679 2440 720 2481 ne
744 2417 790 2481 eis
810 2438 908 2481 causa
928 2417 995 2481 ulla
1014 2416 1201 2481 offensionis

178 2524 294 2605 detur3
317 2527 374 2591 sed
394 2527 437 2592 ad
458 2526 612 2613 majorem
633 2528 879 2594 aedificationem
902 2529 1059 2608 omnium,
1078 2539 1112 2594 et
1134 2529 1201 2615 spi-

176 2640 324 2705 ritualem
352 2642 525 2707 utilitatem
555 2643 745 2723 animarum,
776 2656 809 2708 et
838 2643 972 2729 gloriam
997 2643 1061 2708 Dei
1090 2643 1201 2707 omnia

177 2751 303 2817 cedant

116 2869 156 2928 10
178 2863 365 2928 Doceantur
389 2865 551 2950 quomodo
577 2866 618 2931 ab
643 2866 848 2931 illusionibus
872 2867 1040 2931 Daemonis
1069 2866 1105 2930 in
1131 2867 1199 2931 suis

170 2973 391 3059 spiritualibus
420 2976 702 3043 exercitationibus
735 2985 879 3058 caveant,
909 2988 942 3042 et
970 2977 1134 3062 quomodo
1164 2998 1199 3043 se

178 3097 291 3152 contra
326 3108 438 3156 omnes
474 3089 669 3155 tentationes
705 3097 883 3154 tueantur:
925 3089 1022 3154 simul
1058 3089 1199 3154 rationes

178 3198 292 3280 amant,
321 3221 419 3284 quam
456 3201 525 3266 fieri
561 3210 681 3288 potest,
710 3201 955 3288 diligentissime
989 3201 1199 3287 conquisitas,

177 3310 296 3395 quibus
325 3324 358 3377 et
388 3313 429 3378 ad
464 3315 661 3401 superandas
696 3314 890 3379 tentationes
919 3325 1065 3392 utantur,
1094 3320 1128 3377 et
1157 3315 1199 3377 ad

176 3445 268 3488 veras
290 3424 471 3511 solidasque
493 3426 629 3490 virtutes
655 3427 897 3511 consequendas
923 3425 1100 3504 insistant3
1131 3425 1198 3490 sive

175 3535 285 3620 plures
315 3537 422 3602 adsint
453 3537 651 3603 visitationes
681 3537 874 3624 spirituales,
908 3539 974 3603 sive
1008 3537 1198 3623 pauciores:

177 3660 291 3713 curent
320 3651 395 3715 vero
425 3672 552 3735 semper
579 3651 614 3715 in
643 3651 696 3716 via
721 3651 821 3717 divini
847 3651 967 3716 servitii
990 3672 1199 3736 progressum

177 3761 291 3827 facere.

114 3879 150 3936 ll
178 3871 322 3938 Utantur
330 3873 472 3959 quotidie
487 3874 691 3939 conscientiae
706 3896 774 3939 suae
789 3875 1023 3940 examinatione
1033 3887 1202 3955 consueta,

176 3998 209 4050 et
235 3998 347 4052 octavo
377 4009 505 4072 quoque
528 3987 579 4052 die
602 3987 715 4052 saltem
742 3989 784 4052 ad
808 3988 1028 4055 Confessionis
1047 3999 1080 4052 et
1100 3987 1201 4053 Com-

177 4099 340 4164 munionis
364 4112 562 4166 sacramenta
592 4101 771 4180 accedant3
809 4104 872 4166 nisi
900 4101 1008 4185 aliqua
1036 4101 1077 4166 de
1101 4122 1201 4166 causa
