2646 4732
558 380 883 426 CONSTITU‘HONUM

247 544 372 630 gravari
396 545 510 630 magis,
533 547 629 630 quam
646 547 754 632 juvari
778 548 984 629 Societatem,
998 570 1059 613 nec
1075 549 1275 636 Praepositae

248 657 416 721 Generalis
448 658 488 721 de
517 658 658 722 remedio
688 659 906 745 prospiceret3
943 661 978 725 in
1003 661 1109 746 primo
1134 661 1276 748 generali

248 768 417 832 Societatis
440 780 613 848 conventu,
636 780 747 833 utrum
766 770 954 856 hujusmodi
976 772 1116 853 Domus,
1133 772 1276 859 Collegi-

246 904 315 960 um,
334 882 386 945 vel
409 880 612 945 Universitas
636 882 785 967 relinqui,
810 905 852 947 an
876 885 978 948 teneri
1002 906 1078 949 cum
1103 885 1161 949 tali
1179 906 1275 950 onere

248 991 407 1077 expediat,
424 992 476 1077 agi
490 992 620 1076 poterit.

184 1111 224 1169 18
248 1105 445 1184 lbansferre,
461 1104 512 1166 vel
535 1104 707 1168 dissolvere
723 1105 860 1185 Domos,
875 1106 927 1168 vel
943 1105 1088 1192 Collegia
1103 1106 1175 1192 jam
1191 1128 1276 1170 erec-

248 1232 292 1295 ta,
308 1227 364 1279 aut
379 1215 413 1278 in
429 1238 526 1279 usum
543 1215 712 1279 Societatis
728 1216 881 1300 professae
901 1217 1048 1280 redditus
1071 1238 1184 1281 eorum
1200 1238 1276 1281 con·

248 1339 370 1392 vertere
388 1327 586 1412 Praepositus
603 1325 782 1406 Generalis,
797 1334 836 1390 ut
849 1326 885 1390 in
900 1339 1015 1412 quarta
1036 1338 1129 1413 parte
1151 1328 1276 1393 dictum

248 1451 308 1520 est,
324 1461 390 1503 non
406 1439 534 1524 poterit.

186 1557 225 1614 19
252 1553 434 1633 Goynoscat,
459 1548 636 1634 quoadejus
666 1549 736 1612 fieri
766 1549 896 1634 poterit,
926 1552 1133 1614 conscientias
1159 1572 1276 1631 eorum,

251 1663 380 1745 putsch
401 1662 467 1742 ejus
489 1660 663 1724 obedientia
683 1667 767 1739 cont,
782 1682 820 1724 ac
839 1661 1002 1747 praecipue
1023 1661 1276 1748 Praepositomm

250 1774 509 1853 Provincialium‚
533 1785 565 1837 et
590 1773 736 1852 aliorum,
761 1773 880 1857 quibus
900 1797 1036 1839 munera
1057 1775 1189 1861 majoris
1209 1797 1278 1839 mo-

248 1885 350 1949 menti
366 1884 549 1948 committit.

185 2005 227 2063 20
250 1996 438 2062 Generatim
463 1996 637 2080 loquendo,
663 1996 698 2058 in
723 1995 820 2059 rebus
846 1995 1009 2078 omnibus,
1035 2020 1108 2083 quae
1135 1998 1178 2062 ad
1202 2019 1276 2084 pro-

248 2110 393 2196 positum
409 2107 563 2172 Societati
582 2106 681 2171 finem
701 2106 908 2192 perfectionis
928 2120 962 2172 et
983 2109 1093 2174 auxilii
1114 2109 1279 2195 proximo-

249 2245 322 2286 rum
352 2220 395 2284 ad
424 2220 558 2306 gloriam
589 2219 653 2282 Dei
682 2218 817 2299 faciunt,
848 2220 1000 2285 omnibus
1037 2221 1214 2307 praecipere
1243 2219 1278 2284 in

249 2332 441 2398 obedientiae
455 2331 574 2395 virtute
593 2330 720 2415 possit3
754 2331 799 2394 Et
822 2331 959 2416 quanvis
982 2332 1051 2396 aliis
1073 2331 1279 2396 inferioribus

251 2444 448 2530 Praepositis,
478 2442 529 2508 vel
558 2441 800 2521 Visitatoribus,
834 2443 886 2507 vel
916 2444 1154 2510 Commissariis
1185 2467 1278 2509 suam

250 2557 435 2620 facultatem
460 2554 698 2632 communicet3
730 2553 850 2639 poterit
876 2566 984 2619 tamen
1013 2556 1203 2642 approbare,
1227 2557 1280 2621 vel

250 2667 430 2732 rescindere
451 2667 539 2750 quod
556 2664 602 2727 illi
624 2665 769 2744 fecerint,
792 2674 825 2728 et
848 2665 882 2729 in
907 2667 1058 2731 omnibus
1079 2667 1168 2752 quod
1191 2667 1279 2732 vide-

249 2780 349 2857 bitur,
364 2778 578 2841 constituere:
603 2784 635 2840 et
651 2799 778 2862 semper
793 2777 823 2840 ei
838 2777 1054 2842 obedientiam
1078 2801 1115 2843 ac
1129 2801 1279 2866 reveren-

250 2893 327 2957 tiam
345 2897 394 2968 (αἱ
409 2893 462 2972 qui
481 2891 600 2954 virtut
614 2892 696 2954 vices
707 2893 806 2973 perit)
824 2891 971 2975 praestari
986 2891 1159 2977 oportebit.

287 3221 334 3263 DE
352 3214 582 3272 FAOULTATE,
598 3214 671 3257 VEL
688 3209 944 3277 Pnovtnnrv'ma
962 3206 1173 3253 sooln'rA'rn

421 3328 521 3371 ERGA
538 3325 781 3369 PRAEPOSI'I'UM
800 3321 1043 3367 GENERALEM·

641 3441 739 3506 CAP.
763 3439 822 3504 IV.

209 3595 225 3651 1
252 3588 459 3661 Facutalis,
473 3580 525 3645 vel
546 3578 748 3665 providentia
765 3575 935 3640 Societatis
958 3593 1034 3658 erga
1050 3569 1278 3655 Praepositum,

250 3698 361 3762 habita
376 3716 503 3779 semper
516 3692 640 3757 ratione
654 3690 733 3754 boni
755 3687 956 3766 universalia,
971 3706 1009 3748 ac
1031 3681 1161 3768 majoris
1177 3681 1279 3746 aedifi·

251 3809 397 3887 cationis,
421 3829 477 3871 sex
496 3805 530 3868 in
552 3804 661 3885 rebus,
681 3825 755 3887 quae
778 3802 819 3865 ad
834 3799 898 3864 Dei
919 3797 1054 3884 gloriam
1070 3795 1185 3881 juvare
1204 3815 1280 3879 pos-

253 3933 341 3999 sunt,
357 3917 515 3985 consistit.

208 4041 227 4098 2
252 4033 360 4097 Prima
375 4031 482 4094 adres
497 4039 645 4092 externas
660 4025 801 4111 pertinet
815 4023 964 4101 vestitus,
979 4020 1096 4098 victus
1111 4025 1146 4082 et
1160 4039 1282 4103 expen-

252 4167 360 4209 sarum
377 4141 593 4228 quarumlibet
607 4140 647 4204 ad
668 4159 839 4224 personam
856 4133 1026 4220 Praepositi
1042 4131 1283 4218 spectantium
