2646 4732
529 371 621 415 raas
646 371 819 415 surmus.
1176 355 1218 413 89

164 545 179 602 6
198 539 397 628 Proponatur
418 537 553 601 verbum
578 537 641 600 Dei
663 537 786 622 populo
808 535 938 600 assidue
959 536 994 599 in
1015 536 1162 600 Ecclesia
1183 536 1218 599 in

196 649 411 731 concionibus,
421 649 627 728 lectionibus,
638 663 670 713 et
681 649 716 713 iu
727 649 912 714 Christiana
921 649 1068 713 doctrina
1082 670 1219 734 percos,

196 784 272 847 quos
288 760 444 847 Superior
458 761 653 846 probaverit,
669 773 702 824 et
718 762 759 824 ad
774 761 838 825 tale
861 782 982 825 munus
1000 759 1219 838 destinaverit,

195 872 369 958 etquidem
384 872 424 936 iis
440 872 654 957 temporibus,
670 883 703 936 et
724 873 833 952 modo,
849 872 906 956 qui
928 872 1033 936 cidem
1055 873 1097 935 ad
1118 869 1218 956 majo·

194 1007 257 1048 rem
284 984 349 1049 Dei
373 983 509 1069 gloriam
534 995 567 1048 et
591 984 772 1048 animarum
799 984 1045 1049 aedificationem
1070 982 1219 1070 expedire

194 1096 362 1162 videbitur.

163 1211 177 1284 7
196 1209 303 1273 Potest
319 1209 362 1272 ad
383 1208 445 1272 hoc
460 1208 580 1293 ipsum,
603 1209 693 1293 quod
715 1209 839 1273 dictum
862 1222 911 1273 est
934 1219 1024 1273 extra
1039 1207 1219 1273 Ecclesiam

194 1320 373 1400 Societatis,
397 1319 467 1384 aliis
492 1320 527 1383 in
552 1319 718 1400 Ecclesiis,
744 1323 795 1384 rel
813 1323 942 1403 plateis,
972 1323 1022 1385 rel
1045 1323 1118 1385 aliis
1142 1322 1218 1384 locis

191 1431 360 1516 praestari3
392 1431 521 1516 quaudo
546 1431 586 1511 ei,
609 1432 665 1516 qui
689 1431 812 1496 caeteris
839 1444 967 1517 praeest,
998 1432 1040 1497 ad
1064 1431 1218 1518 majorem

192 1542 253 1607 Dei
267 1542 403 1627 gloriam
420 1543 564 1607 conferre
579 1542 753 1608 videbitur.

157 1653 362 1718 8Curabunt
386 1654 483 1718 etiam
512 1654 663 1741 privatim
689 1654 874 1740 proximum
898 1654 960 1741 piis
985 1654 1153 1741 colloquiis
1177 1655 1219 1718 ad
1266 1671 1267 1674 ’

190 1766 321 1830 meliora
335 1787 523 1850 promovere
540 1780 610 1830 tum
627 1766 772 1846 consilio,
788 1779 821 1831 et
837 1767 1059 1831 exhortatione
1075 1767 1117 1830 ad
1131 1765 1218 1830 bona

189 1901 295 1964 opera,
310 1889 382 1942 tum
397 1878 495 1942 ctiam
511 1879 676 1943 tradendis
692 1878 913 1964 spiritualibus
928 1879 1097 1943 exercitiis.

153 1997 170 2054 9
191 1989 420 2076 corporalibus
443 1990 540 2054 ctiam
563 1991 694 2077 pictatis
716 1991 880 2077 operibus,
902 2002 1062 2076 quantum
1085 1989 1218 2075 spiritu-

191 2103 261 2183 alia,
275 2125 350 2187 quae
365 2102 496 2188 majoris
512 2111 590 2168 sunt
604 2104 771 2183 momenti,
781 2104 982 2189 permittent,
994 2110 1217 2188 quantumque

189 2216 271 2280 vires
300 2217 479 2301 patientur,
508 2216 725 2296 incumbent3
759 2229 796 2280 ut
820 2217 855 2280 in
885 2216 1022 2281 infirmis
1051 2215 1217 2301 juvandis,

189 2327 351 2412 praecipue
372 2327 407 2391 in
425 2327 645 2408 xenodochiis,
666 2351 721 2392 eos
743 2328 923 2407 invisendo,
946 2339 978 2392 et
1000 2328 1137 2412 aliquos,
1160 2326 1217 2411 qui

189 2438 234 2503 eis
255 2438 443 2519 inserviant,
465 2439 645 2520 mittend03
676 2451 709 2504 et
731 2440 924 2504 dissidentes
947 2440 989 2503 ad
1011 2438 1215 2504 concordiam

188 2551 387 2630 revocand03
415 2551 461 2615 sic
476 2550 574 2615 ctiam
596 2574 766 2638 pauperes
782 2575 819 2616 ac
840 2552 875 2615 in
898 2551 1053 2616 custodiis
1076 2551 1216 2637 publicis

187 2667 349 2744 detentos,
371 2663 549 2749 quoadejus
569 2665 640 2729 fieri
659 2666 790 2750 poterit,
812 2688 871 2751 per
893 2687 927 2729 se
949 2665 1160 2744 sublevando,
1182 2676 1215 2728 et

187 2786 224 2840 ut
254 2775 308 2839 alii
338 2775 518 2856 sublevent,
553 2778 707 2842 curando.
753 2777 911 2842 Metiatur
948 2790 1056 2841 autem
1087 2787 1216 2862 oportet

188 2887 358 2973 Praepositi
372 2888 546 2974 prudentia
560 2890 627 2974 (qui
642 2889 747 2974 majus
759 2889 822 2954 Dei
834 2890 1025 2974 obsequium
1038 2912 1075 2953 ao
1089 2889 1213 2955 bonum

186 3000 367 3065 universale
389 3023 517 3087 semper
531 3002 573 3066 ob
589 3002 699 3066 oculos
722 3002 784 3066 sibi
805 3004 977 3088 proponet)
996 3012 1156 3087 quantum
1179 3000 1213 3064 iu

186 3111 376 3199 hujusmodi
389 3113 487 3178 rebus
502 3137 609 3200 operae
625 3115 667 3179 sit
682 3116 881 3201 ponendum.

129 3231 165 3289 10
187 3226 228 3289 Iu
244 3225 409 3312 Collegiis,
425 3239 458 3291 et
473 3250 585 3291 eorum
600 3228 754 3292 Ecclesiis
770 3230 827 3293 fiet
841 3252 881 3294 ex
895 3229 945 3309 iis,
961 3251 1034 3314 quae
1050 3229 1090 3292 de
1109 3227 1213 3292 domi-

185 3337 247 3401 bus
270 3337 358 3402 dicta
384 3345 471 3419 sunt,
494 3340 582 3424 quod
608 3340 677 3403 fieri
698 3340 839 3426 poterit3
869 3353 967 3426 prout
989 3351 1211 3426 opportunum

185 3450 292 3530 suerit,
309 3451 406 3536 juxta
422 3452 604 3537 Superioris
622 3453 672 3537 (ut
686 3453 887 3536 dictumest)
905 3453 1083 3518 arbitrium.

130 3566 163 3623 ll
189 3561 247 3634 Qui
266 3565 384 3628 talento
404 3566 556 3646 proditos
578 3566 817 3629 adscribendos
840 3567 936 3630 libros
957 3567 1108 3630 communi
1132 3565 1207 3629 bono

185 3677 286 3754 utiles,
313 3696 365 3739 eos
390 3677 607 3756 conscriberet,
631 3679 665 3740 ia
692 3679 799 3756 locem,
824 3680 915 3742 edere
941 3699 1002 3742 ooo
1024 3677 1123 3756 debet,
1144 3678 1206 3740 risi

181 3788 272 3867 prius
292 3787 486 3869 Propositus
504 3789 667 3852 Generalis
689 3809 741 3852 cos
762 3791 878 3869 rideat,
900 3796 931 3853 et
954 3791 1087 3878 aliorum
1109 3789 1205 3854 etiam

180 3897 297 3976 judicio
313 3904 344 3961 et
360 3919 496 3962 censura
509 3899 677 3981 arbjiciot;
706 3907 753 3979 ut,
768 3904 797 3964 si
819 3902 863 3964 od
882 3902 1115 3984 aedificationem
1127 3901 1207 3983 fore

188 4011 378 4090 videbantur,
394 4017 425 4076 et
440 4013 611 4076 sonaliter
626 4014 660 4076 iro
668 4014 830 4095 publicam
838 4015 1007 4096 prodeant.
