<?xml version="1.0" encoding="UTF-8"?>
<!DOCTYPE html PUBLIC "-//W3C//DTD XHTML 1.0 Transitional//EN"
    "http://www.w3.org/TR/xhtml1/DTD/xhtml1-transitional.dtd">
<html xmlns="http://www.w3.org/1999/xhtml" xml:lang="en" lang="en">
 <head>
  <title>
</title>
<meta http-equiv="Content-Type" content="text/html;charset=utf-8" />
  <meta name='ocr-system' content='tesseract 3.04.00' />
  <meta name='ocr-capabilities' content='ocr_page ocr_carea ocr_par ocr_line ocrx_word'/>
</head>
<body>
  <div class='ocr_page' id='page_1' title='image "./constitutioness00unkngoog_0490.png"; bbox 0 0 2646 4732; ppageno 0'>
   <div class='ocr_carea' id='block_1_1' title="bbox 119 247 870 326">
    <p class='ocr_par' dir='ltr' id='par_1_1' title="bbox 119 247 870 326">
     <span class='ocr_line' id='line_1_1' title="bbox 119 247 870 326; baseline 0.011 -10"><span class='ocrx_word' id='word_1_1' title='bbox 119 247 192 318; x_wconf 78' lang='lat'>184</span> <span class='ocrx_word' id='word_1_2' title='bbox 375 271 582 323; x_wconf 80' lang='lat' dir='ltr'>eurucnnas</span> <span class='ocrx_word' id='word_1_3' title='bbox 608 274 651 323; x_wconf 82' lang='lat' dir='ltr'>ou</span> <span class='ocrx_word' id='word_1_4' title='bbox 676 272 870 326; x_wconf 72' lang='lat' dir='ltr'>susurrum.</span> 
     </span>
    </p>
   </div>
   <div class='ocr_carea' id='block_1_2' title="bbox 117 434 1174 655">
    <p class='ocr_par' dir='ltr' id='par_1_2' title="bbox 117 434 1174 655">
     <span class='ocr_line' id='line_1_2' title="bbox 117 434 1174 533; baseline 0.006 -31"><span class='ocrx_word' id='word_1_5' title='bbox 117 455 258 520; x_wconf 58' lang='lat' dir='ltr'>cauere,</span> <span class='ocrx_word' id='word_1_6' title='bbox 287 456 332 506; x_wconf 91' lang='lat' dir='ltr'>ne</span> <span class='ocrx_word' id='word_1_7' title='bbox 365 459 431 532; x_wconf 89' lang='lat' dir='ltr'>per</span> <span class='ocrx_word' id='word_1_8' title='bbox 463 435 582 533; x_wconf 86' lang='lat' dir='ltr'>proles</span> <span class='ocrx_word' id='word_1_9' title='bbox 616 460 705 515; x_wconf 78' lang='lat' dir='ltr'>suas,</span> <span class='ocrx_word' id='word_1_10' title='bbox 732 436 938 512; x_wconf 85' lang='lat' dir='ltr'>offendatur</span> <span class='ocrx_word' id='word_1_11' title='bbox 977 434 1174 532; x_wconf 75' lang='lat' dir='ltr'>Deus.-</span> 
     </span>
     <span class='ocr_line' id='line_1_3' title="bbox 117 554 607 655; baseline 0.01 -27"><span class='ocrx_word' id='word_1_12' title='bbox 117 554 316 650; x_wconf 76' lang='lat' dir='ltr'>(ParslV.</span> <span class='ocrx_word' id='word_1_13' title='bbox 343 581 376 629; x_wconf 82' lang='lat' dir='ltr'>c.</span> <span class='ocrx_word' id='word_1_14' title='bbox 389 561 426 628; x_wconf 87' lang='grc'>8.</span> <span class='ocrx_word' id='word_1_15' title='bbox 451 582 485 630; x_wconf 82' lang='lat' dir='ltr'>n.</span> <span class='ocrx_word' id='word_1_16' title='bbox 504 560 607 655; x_wconf 79' lang='lat'>127.)</span> 
     </span>
    </p>
   </div>
   <div class='ocr_carea' id='block_1_3' title="bbox 311 1042 974 1113">
    <p class='ocr_par' dir='ltr' id='par_1_3' title="bbox 311 1042 974 1113">
     <span class='ocr_line' id='line_1_4' title="bbox 311 1042 974 1113; baseline 0.006 -4"><span class='ocrx_word' id='word_1_17' title='bbox 311 1042 619 1111; x_wconf 85' lang='lat' dir='ltr'><strong>BUSEMBAUM</strong></span> <span class='ocrx_word' id='word_1_18' title='bbox 643 1045 673 1109; x_wconf 80' lang='lat' dir='ltr'>a</span> <span class='ocrx_word' id='word_1_19' title='bbox 698 1042 926 1110; x_wconf 84' lang='lat' dir='ltr'><strong>LACROIX.</strong></span> <span class='ocrx_word' id='word_1_20' title='bbox 971 1108 974 1113; x_wconf 89' lang='lat'>.</span> 
     </span>
    </p>
   </div>
   <div class='ocr_carea' id='block_1_4' title="bbox 121 1196 1131 1372">
    <p class='ocr_par' dir='ltr' id='par_1_4' title="bbox 121 1196 1131 1372">
     <span class='ocr_line' id='line_1_5' title="bbox 121 1196 1130 1280; baseline 0 -24"><span class='ocrx_word' id='word_1_21' title='bbox 121 1196 279 1278; x_wconf 76' lang='lat' dir='ltr'>Theologio</span> <span class='ocrx_word' id='word_1_22' title='bbox 292 1199 428 1271; x_wconf 79' lang='lat' dir='ltr'>Moralis,</span> <span class='ocrx_word' id='word_1_23' title='bbox 443 1220 516 1260; x_wconf 78' lang='lat' dir='ltr'>nunc</span> <span class='ocrx_word' id='word_1_24' title='bbox 525 1197 657 1280; x_wconf 77' lang='lat' dir='ltr'>pluribus</span> <span class='ocrx_word' id='word_1_25' title='bbox 665 1197 801 1278; x_wconf 77' lang='lat' dir='ltr'>portibus</span> <span class='ocrx_word' id='word_1_26' title='bbox 812 1207 899 1258; x_wconf 80' lang='lat' dir='ltr'>aucta</span> <span class='ocrx_word' id='word_1_27' title='bbox 912 1196 931 1256; x_wconf 79' lang='grc' dir='ltr'><em>ὰ</em></span> <span class='ocrx_word' id='word_1_28' title='bbox 944 1196 984 1256; x_wconf 76' lang='lat' dir='ltr'>R.</span> <span class='ocrx_word' id='word_1_29' title='bbox 991 1196 1031 1256; x_wconf 84' lang='lat' dir='ltr'>P.</span> <span class='ocrx_word' id='word_1_30' title='bbox 1041 1197 1130 1257; x_wconf 76' lang='lat' dir='ltr'>Clua-</span> 
     </span>
     <span class='ocr_line' id='line_1_6' title="bbox 156 1291 1131 1372; baseline -0.002 -18"><span class='ocrx_word' id='word_1_31' title='bbox 156 1294 203 1354; x_wconf 80' lang='lat' dir='ltr'>dio</span> <span class='ocrx_word' id='word_1_32' title='bbox 225 1296 361 1367; x_wconf 78' lang='lat' dir='ltr'>Locroia,</span> <span class='ocrx_word' id='word_1_33' title='bbox 390 1296 543 1357; x_wconf 83' lang='lat' dir='ltr'>Socictotis</span> <span class='ocrx_word' id='word_1_34' title='bbox 566 1295 645 1354; x_wconf 73' lang='lat' dir='ltr'>Jeuc.</span> <span class='ocrx_word' id='word_1_35' title='bbox 688 1293 829 1369; x_wconf 77' lang='lat' dir='ltr'>Coloniae,</span> <span class='ocrx_word' id='word_1_36' title='bbox 855 1298 942 1357; x_wconf 79' lang='lat'><strong>175⁷.</strong></span> <span class='ocrx_word' id='word_1_37' title='bbox 984 1291 1131 1372; x_wconf 87' lang='lat' dir='ltr'>(Coloniae</span> 
     </span>
    </p>
   </div>
   <div class='ocr_carea' id='block_1_5' title="bbox 157 1391 740 1472">
    <p class='ocr_par' dir='ltr' id='par_1_5' title="bbox 157 1391 740 1472">
     <span class='ocr_line' id='line_1_7' title="bbox 157 1391 740 1472; baseline -0.003 -20"><span class='ocrx_word' id='word_1_38' title='bbox 157 1393 339 1472; x_wconf 66' lang='lat' dir='ltr'>Agrippina,</span> <span class='ocrx_word' id='word_1_39' title='bbox 356 1399 444 1456; x_wconf 77' lang='lat'><strong>1733.</strong></span> <span class='ocrx_word' id='word_1_40' title='bbox 488 1395 545 1454; x_wconf 87' lang='lat' dir='ltr'>Ed.</span> <span class='ocrx_word' id='word_1_41' title='bbox 557 1393 639 1453; x_wconf 90' lang='lat' dir='ltr'>Mus.</span> <span class='ocrx_word' id='word_1_42' title='bbox 651 1391 740 1467; x_wconf 85' lang='lat' dir='ltr'><strong>Brit.)</strong></span> 
     </span>
    </p>
   </div>
   <div class='ocr_carea' id='block_1_6' title="bbox 27 1556 1132 3025">
    <p class='ocr_par' dir='ltr' id='par_1_6' title="bbox 27 1556 1132 3025">
     <span class='ocr_line' id='line_1_8' title="bbox 169 1556 1132 1659; baseline -0.002 -26"><span class='ocrx_word' id='word_1_43' title='bbox 169 1560 339 1633; x_wconf 83' lang='lat' dir='ltr'>Taberna</span> <span class='ocrx_word' id='word_1_44' title='bbox 361 1560 460 1649; x_wconf 88' lang='lat' dir='ltr'>dicit,</span> <span class='ocrx_word' id='word_1_45' title='bbox 482 1560 641 1659; x_wconf 85' lang='lat' dir='ltr'>puellam</span> <span class='ocrx_word' id='word_1_46' title='bbox 667 1583 738 1632; x_wconf 86' lang='lat' dir='ltr'>non</span> <span class='ocrx_word' id='word_1_47' title='bbox 764 1583 925 1656; x_wconf 87' lang='lat' dir='ltr'>peccare,</span> <span class='ocrx_word' id='word_1_48' title='bbox 947 1557 977 1631; x_wconf 90' lang='lat' dir='ltr'>si</span> <span class='ocrx_word' id='word_1_49' title='bbox 997 1559 1044 1632; x_wconf 95' lang='lat' dir='ltr'>ob</span> <span class='ocrx_word' id='word_1_50' title='bbox 1061 1556 1132 1631; x_wconf 89' lang='lat' dir='ltr'>evi·</span> 
     </span>
     <span class='ocr_line' id='line_1_9' title="bbox 27 1681 1129 1782; baseline -0.002 -25"><span class='ocrx_word' id='word_1_51' title='bbox 27 1746 29 1749; x_wconf 95' lang='lat'>.</span> <span class='ocrx_word' id='word_1_52' title='bbox 117 1685 205 1757; x_wconf 89' lang='lat' dir='ltr'>dens</span> <span class='ocrx_word' id='word_1_53' title='bbox 229 1684 432 1782; x_wconf 87' lang='lat' dir='ltr'>periculum</span> <span class='ocrx_word' id='word_1_54' title='bbox 448 1684 573 1759; x_wconf 86' lang='lat' dir='ltr'>mortis</span> <span class='ocrx_word' id='word_1_55' title='bbox 596 1684 653 1757; x_wconf 85' lang='lat' dir='ltr'>vel</span> <span class='ocrx_word' id='word_1_56' title='bbox 674 1683 832 1782; x_wconf 86' lang='lat' dir='ltr'>ingentis</span> <span class='ocrx_word' id='word_1_57' title='bbox 859 1681 1028 1770; x_wconf 79' lang='lat' dir='ltr'>infamia,</span> <span class='ocrx_word' id='word_1_58' title='bbox 1058 1707 1129 1756; x_wconf 90' lang='lat' dir='ltr'>non</span> 
     </span>
     <span class='ocr_line' id='line_1_10' title="bbox 118 1805 1129 1905; baseline -0.002 -23"><span class='ocrx_word' id='word_1_59' title='bbox 118 1809 286 1883; x_wconf 88' lang='lat' dir='ltr'>adhibeat</span> <span class='ocrx_word' id='word_1_60' title='bbox 315 1809 435 1884; x_wconf 89' lang='lat' dir='ltr'>omnia</span> <span class='ocrx_word' id='word_1_61' title='bbox 469 1808 615 1884; x_wconf 83' lang='lat' dir='ltr'>omninb</span> <span class='ocrx_word' id='word_1_62' title='bbox 650 1806 769 1881; x_wconf 87' lang='lat' dir='ltr'>media</span> <span class='ocrx_word' id='word_1_63' title='bbox 798 1805 843 1880; x_wconf 88' lang='lat' dir='ltr'>ad</span> <span class='ocrx_word' id='word_1_64' title='bbox 874 1805 1129 1905; x_wconf 87' lang='lat' dir='ltr'>depellendum</span> 
     </span>
     <span class='ocr_line' id='line_1_11' title="bbox 118 1930 1130 2033; baseline -0.004 -27"><span class='ocrx_word' id='word_1_65' title='bbox 118 1944 379 2033; x_wconf 84' lang='lat' dir='ltr'>stupratorem3</span> <span class='ocrx_word' id='word_1_66' title='bbox 397 1958 430 2008; x_wconf 84' lang='lat' dir='ltr'>v.</span> <span class='ocrx_word' id='word_1_67' title='bbox 438 1960 475 2033; x_wconf 84' lang='lat' dir='ltr'>g.</span> <span class='ocrx_word' id='word_1_68' title='bbox 490 1935 519 2006; x_wconf 90' lang='lat' dir='ltr'>si</span> <span class='ocrx_word' id='word_1_69' title='bbox 530 1935 639 2020; x_wconf 91' lang='lat' dir='ltr'>hunc,</span> <span class='ocrx_word' id='word_1_70' title='bbox 652 1932 737 2006; x_wconf 81' lang='lat' dir='ltr'>clun</span> <span class='ocrx_word' id='word_1_71' title='bbox 749 1930 883 2030; x_wconf 84' lang='lat' dir='ltr'>posset,</span> <span class='ocrx_word' id='word_1_72' title='bbox 894 1955 968 2005; x_wconf 90' lang='lat' dir='ltr'>non</span> <span class='ocrx_word' id='word_1_73' title='bbox 977 1931 1130 2020; x_wconf 87' lang='lat' dir='ltr'>occidat,</span> 
     </span>
     <span class='ocr_line' id='line_1_12' title="bbox 117 2056 1129 2155; baseline -0.004 -23"><span class='ocrx_word' id='word_1_74' title='bbox 117 2058 146 2132; x_wconf 90' lang='lat' dir='ltr'>si</span> <span class='ocrx_word' id='word_1_75' title='bbox 159 2084 231 2133; x_wconf 92' lang='lat' dir='ltr'>non</span> <span class='ocrx_word' id='word_1_76' title='bbox 243 2059 412 2133; x_wconf 84' lang='lat' dir='ltr'>inclamet</span> <span class='ocrx_word' id='word_1_77' title='bbox 424 2057 600 2144; x_wconf 86' lang='lat' dir='ltr'>viciniam,</span> <span class='ocrx_word' id='word_1_78' title='bbox 618 2058 681 2132; x_wconf 91' lang='lat' dir='ltr'>sed</span> <span class='ocrx_word' id='word_1_79' title='bbox 694 2058 793 2132; x_wconf 79' lang='lat' dir='ltr'>mere</span> <span class='ocrx_word' id='word_1_80' title='bbox 806 2056 967 2155; x_wconf 89' lang='lat' dir='ltr'>patiatur</span> <span class='ocrx_word' id='word_1_81' title='bbox 980 2056 1129 2142; x_wconf 88' lang='lat' dir='ltr'>coitum,</span> 
     </span>
     <span class='ocr_line' id='line_1_13' title="bbox 116 2179 1130 2281; baseline -0.001 -26"><span class='ocrx_word' id='word_1_82' title='bbox 116 2193 239 2257; x_wconf 88' lang='lat' dir='ltr'>tamen</span> <span class='ocrx_word' id='word_1_83' title='bbox 261 2179 398 2257; x_wconf 85' lang='lat' dir='ltr'>secluso</span> <span class='ocrx_word' id='word_1_84' title='bbox 420 2183 517 2256; x_wconf 92' lang='lat' dir='ltr'>omni</span> <span class='ocrx_word' id='word_1_85' title='bbox 533 2182 694 2281; x_wconf 89' lang='lat' dir='ltr'>periculo</span> <span class='ocrx_word' id='word_1_86' title='bbox 714 2183 934 2257; x_wconf 46' lang='lat' dir='ltr'>consenstlsr</span> <span class='ocrx_word' id='word_1_87' title='bbox 971 2179 1025 2254; x_wconf 89' lang='lat' dir='ltr'>Et</span> <span class='ocrx_word' id='word_1_88' title='bbox 1045 2180 1130 2254; x_wconf 91' lang='lat' dir='ltr'>licet</span> 
     </span>
     <span class='ocr_line' id='line_1_14' title="bbox 115 2306 1131 2407; baseline 0 -27"><span class='ocrx_word' id='word_1_89' title='bbox 115 2308 207 2381; x_wconf 87' lang='lat' dir='ltr'>hanc</span> <span class='ocrx_word' id='word_1_90' title='bbox 232 2307 514 2407; x_wconf 80' lang='lat' dir='ltr'>propositionem</span> <span class='ocrx_word' id='word_1_91' title='bbox 538 2306 642 2381; x_wconf 91' lang='lat' dir='ltr'>editis</span> <span class='ocrx_word' id='word_1_92' title='bbox 666 2307 766 2381; x_wconf 89' lang='lat' dir='ltr'>libris</span> <span class='ocrx_word' id='word_1_93' title='bbox 786 2316 936 2380; x_wconf 83' lang='lat' dir='ltr'>teneant</span> <span class='ocrx_word' id='word_1_94' title='bbox 958 2306 1131 2380; x_wconf 83' lang='lat' dir='ltr'>authores</span> 
     </span>
     <span class='ocr_line' id='line_1_15' title="bbox 115 2430 1058 2530; baseline -0.002 -26"><span class='ocrx_word' id='word_1_95' title='bbox 115 2432 237 2529; x_wconf 91' lang='lat' dir='ltr'>plures</span> <span class='ocrx_word' id='word_1_96' title='bbox 272 2456 381 2530; x_wconf 88' lang='lat' dir='ltr'>quarn</span> <span class='ocrx_word' id='word_1_97' title='bbox 410 2438 471 2518; x_wconf 89' lang='lat'>50,</span> <span class='ocrx_word' id='word_1_98' title='bbox 501 2456 591 2530; x_wconf 90' lang='lat' dir='ltr'>quos</span> <span class='ocrx_word' id='word_1_99' title='bbox 620 2431 732 2506; x_wconf 84' lang='lat' dir='ltr'>refert</span> <span class='ocrx_word' id='word_1_100' title='bbox 759 2431 855 2504; x_wconf 87' lang='lat' dir='ltr'>vind.</span> <span class='ocrx_word' id='word_1_101' title='bbox 878 2430 1058 2506; x_wconf 77' lang='lat' dir='ltr'>Taberna</span> 
     </span>
     <span class='ocr_line' id='line_1_16' title="bbox 115 2555 1129 2653; baseline -0.001 -25"><span class='ocrx_word' id='word_1_102' title='bbox 115 2566 238 2629; x_wconf 89' lang='lat' dir='ltr'>tamen</span> <span class='ocrx_word' id='word_1_103' title='bbox 267 2581 340 2629; x_wconf 93' lang='lat' dir='ltr'>non</span> <span class='ocrx_word' id='word_1_104' title='bbox 370 2556 518 2653; x_wconf 87' lang='lat' dir='ltr'>expedit</span> <span class='ocrx_word' id='word_1_105' title='bbox 548 2579 628 2628; x_wconf 88' lang='lat' dir='ltr'>eam</span> <span class='ocrx_word' id='word_1_106' title='bbox 656 2555 800 2653; x_wconf 74' lang='lat' dir='ltr'>publice</span> <span class='ocrx_word' id='word_1_107' title='bbox 830 2579 1033 2652; x_wconf 91' lang='lat' dir='ltr'>proponere</span> <span class='ocrx_word' id='word_1_108' title='bbox 1064 2565 1129 2627; x_wconf 91' lang='lat' dir='ltr'>aut</span> 
     </span>
     <span class='ocr_line' id='line_1_17' title="bbox 116 2679 1127 2778; baseline -0.002 -25"><span class='ocrx_word' id='word_1_109' title='bbox 116 2679 419 2778; x_wconf 64' lang='lat' dir='ltr'>defendereque</span> <span class='ocrx_word' id='word_1_110' title='bbox 436 2692 522 2777; x_wconf 87' lang='lat' dir='ltr'>apta</span> <span class='ocrx_word' id='word_1_111' title='bbox 534 2691 588 2754; x_wconf 92' lang='lat' dir='ltr'>est</span> <span class='ocrx_word' id='word_1_112' title='bbox 607 2707 751 2756; x_wconf 87' lang='lat' dir='ltr'>causare</span> <span class='ocrx_word' id='word_1_113' title='bbox 768 2682 912 2768; x_wconf 87' lang='lat' dir='ltr'>abusus,</span> <span class='ocrx_word' id='word_1_114' title='bbox 927 2679 1127 2778; x_wconf 89' lang='lat' dir='ltr'>praesertim</span> 
     </span>
     <span class='ocr_line' id='line_1_18' title="bbox 117 2801 1129 2903; baseline -0.001 -27"><span class='ocrx_word' id='word_1_115' title='bbox 117 2804 215 2903; x_wconf 89' lang='lat' dir='ltr'>apud</span> <span class='ocrx_word' id='word_1_116' title='bbox 227 2801 414 2900; x_wconf 89' lang='lat' dir='ltr'>rudes.··-(</span> <span class='ocrx_word' id='word_1_117' title='bbox 420 2804 576 2880; x_wconf 83' lang='lat' dir='ltr'>Tom.ll.</span> <span class='ocrx_word' id='word_1_118' title='bbox 588 2805 724 2881; x_wconf 77' lang='lat' dir='ltr'>Libiii.</span> <span class='ocrx_word' id='word_1_119' title='bbox 751 2804 886 2879; x_wconf 81' lang='lat' dir='ltr'>Pcrsl.</span> <span class='ocrx_word' id='word_1_120' title='bbox 919 2804 1028 2878; x_wconf 69' lang='lat' dir='ltr'>Tul.</span> <span class='ocrx_word' id='word_1_121' title='bbox 1053 2808 1129 2877; x_wconf 68' lang='lat' dir='ltr'>at.</span> 
     </span>
     <span class='ocr_line' id='line_1_19' title="bbox 117 2927 635 3025; baseline 0 -23"><span class='ocrx_word' id='word_1_122' title='bbox 117 2927 213 3002; x_wconf 75' lang='lat' dir='ltr'>Dat.</span> <span class='ocrx_word' id='word_1_123' title='bbox 230 2934 263 3001; x_wconf 79' lang='lat'>2.</span> <span class='ocrx_word' id='word_1_124' title='bbox 295 2929 360 3015; x_wconf 76' lang='lat' dir='ltr'>Qu.</span> <span class='ocrx_word' id='word_1_125' title='bbox 379 2933 460 3002; x_wconf 92' lang='grc'><strong>199.</strong></span> <span class='ocrx_word' id='word_1_126' title='bbox 486 2954 520 3004; x_wconf 82' lang='lat' dir='ltr'>a.</span> <span class='ocrx_word' id='word_1_127' title='bbox 533 2932 635 3025; x_wconf 88' lang='grc'><strong>916.)</strong></span> 
     </span>
    </p>
   </div>
   <div class='ocr_carea' id='block_1_7' title="bbox 483 3353 761 3425">
    <p class='ocr_par' dir='ltr' id='par_1_7' title="bbox 483 3353 761 3425">
     <span class='ocr_line' id='line_1_20' title="bbox 483 3353 761 3425; baseline -0.011 -1"><span class='ocrx_word' id='word_1_128' title='bbox 483 3353 761 3425; x_wconf 87' lang='lat' dir='ltr'><strong>TRACHALA.</strong></span> 
     </span>
    </p>
   </div>
   <div class='ocr_carea' id='block_1_8' title="bbox 267 3509 972 3605">
    <p class='ocr_par' dir='ltr' id='par_1_8' title="bbox 267 3509 972 3605">
     <span class='ocr_line' id='line_1_21' title="bbox 267 3509 972 3605; baseline -0.01 -35"><span class='ocrx_word' id='word_1_129' title='bbox 267 3511 427 3605; x_wconf 79' lang='lat' dir='ltr'>Lavacrum</span> <span class='ocrx_word' id='word_1_130' title='bbox 446 3513 643 3573; x_wconf 69' lang='lat' dir='ltr'>Conscientiae.</span> <span class='ocrx_word' id='word_1_131' title='bbox 686 3509 866 3586; x_wconf 85' lang='lat' dir='ltr'>Barnbergae,</span> <span class='ocrx_word' id='word_1_132' title='bbox 884 3511 972 3567; x_wconf 84' lang='grc'><strong>1759.</strong></span> 
     </span>
    </p>
   </div>
   <div class='ocr_carea' id='block_1_9' title="bbox 116 3673 1131 4128">
    <p class='ocr_par' dir='ltr' id='par_1_9' title="bbox 116 3673 1128 3903">
     <span class='ocr_line' id='line_1_22' title="bbox 169 3673 1128 3770; baseline -0.01 -18"><span class='ocrx_word' id='word_1_133' title='bbox 169 3679 344 3753; x_wconf 86' lang='lat' dir='ltr'>Sebaldus</span> <span class='ocrx_word' id='word_1_134' title='bbox 381 3678 650 3754; x_wconf 83' lang='lat' dir='ltr'>concubinarius</span> <span class='ocrx_word' id='word_1_135' title='bbox 691 3675 884 3749; x_wconf 85' lang='lat' dir='ltr'>confitetur</span> <span class='ocrx_word' id='word_1_136' title='bbox 910 3675 960 3745; x_wconf 72' lang='lat' dir='ltr'>&#39;se</span> <span class='ocrx_word' id='word_1_137' title='bbox 999 3673 1128 3770; x_wconf 78' lang='lat' dir='ltr'>saepius</span> 
     </span>
     <span class='ocr_line' id='line_1_23' title="bbox 116 3796 950 3903; baseline -0.012 -25"><span class='ocrx_word' id='word_1_138' title='bbox 116 3805 189 3879; x_wconf 87' lang='lat' dir='ltr'>labi</span> <span class='ocrx_word' id='word_1_139' title='bbox 216 3830 299 3879; x_wconf 91' lang='lat' dir='ltr'>cum</span> <span class='ocrx_word' id='word_1_140' title='bbox 326 3803 592 3903; x_wconf 75' lang='lat' dir='ltr'>consanguinea</span> <span class='ocrx_word' id='word_1_141' title='bbox 618 3825 727 3900; x_wconf 89' lang='lat' dir='ltr'>quam</span> <span class='ocrx_word' id='word_1_142' title='bbox 752 3797 849 3872; x_wconf 91' lang='lat' dir='ltr'>domi</span> <span class='ocrx_word' id='word_1_143' title='bbox 874 3796 950 3870; x_wconf 87' lang='lat' dir='ltr'>alit.</span> 
     </span>
    </p>

    <p class='ocr_par' dir='ltr' id='par_1_10' title="bbox 118 3925 1131 4128">
     <span class='ocr_line' id='line_1_24' title="bbox 170 3925 1131 4024; baseline -0.012 -21"><span class='ocrx_word' id='word_1_144' title='bbox 170 3928 412 4017; x_wconf 71' lang='lat' dir='ltr'>(latest-An,</span> <span class='ocrx_word' id='word_1_145' title='bbox 437 3927 482 4004; x_wconf 91' lang='lat' dir='ltr'>sit</span> <span class='ocrx_word' id='word_1_146' title='bbox 513 3925 747 4003; x_wconf 86' lang='lat' dir='ltr'>absolvendus</span> <span class='ocrx_word' id='word_1_147' title='bbox 775 3935 970 4024; x_wconf 86' lang='lat' dir='ltr'>antequam</span> <span class='ocrx_word' id='word_1_148' title='bbox 999 3943 1131 3993; x_wconf 90' lang='lat' dir='ltr'>concu-</span> 
     </span>
     <span class='ocr_line' id='line_1_25' title="bbox 118 4052 430 4128; baseline 0.003 -2"><span class='ocrx_word' id='word_1_149' title='bbox 118 4052 239 4126; x_wconf 87' lang='lat' dir='ltr'>binam</span> <span class='ocrx_word' id='word_1_150' title='bbox 258 4052 430 4128; x_wconf 71' lang='lat' dir='ltr'>dimittit?</span> 
     </span>
    </p>
   </div>
   <div class='ocr_carea' id='block_1_10' title="bbox 0 0 1328 4732">
    <p class='ocr_par' dir='ltr' id='par_1_11' title="bbox 0 0 1328 4732">
     <span class='ocr_line' id='line_1_26' title="bbox 0 0 1328 4732; baseline 0 0"><span class='ocrx_word' id='word_1_151' title='bbox 0 0 1328 4732; x_wconf 95' lang='lat' dir='ltr'> </span> 
     </span>
    </p>
   </div>
  </div>
 </body>
</html>
