2646 4732
532 368 624 411 PARS
649 369 775 413 SEXTA.

214 591 262 636 un
280 593 340 651 ns,
357 594 439 641 oum
457 595 507 638 An
525 597 816 656 PAUPERTATEM,
833 598 992 645 cuncus
1011 598 1090 640 ann

376 704 687 767 consuouunrun,
704 709 928 752 Pnnrrnsnr.

567 824 664 889 CAP.
690 825 736 889 ΙΙ.

134 960 146 1016 l
170 955 405 1036 Pauruarns,
419 970 458 1022 ut
472 982 584 1023 murus
601 961 779 1046 Religionis
802 961 1018 1041 firmissimus,
1033 961 1197 1046 diligenda

167 1079 199 1129 et
223 1066 259 1130 in
289 1089 349 1132 sua
378 1069 519 1154 puritate
550 1073 770 1136 conservanda
799 1084 868 1152 est3
900 1084 1060 1157 quantum
1086 1073 1195 1138 divina

167 1180 270 1264 gratia
283 1181 446 1267 aspirante
462 1183 532 1247 fieri
553 1185 684 1270 poterit.
729 1186 775 1249 Et
796 1186 873 1270 quia
894 1186 1046 1250 humanae
1069 1199 1193 1250 naturae

166 1292 268 1357 hostis
284 1294 403 1358 adhoc
423 1298 706 1382 propugnaculum
721 1320 758 1362 ac
773 1298 935 1382 refugium
957 1298 1193 1362 debilitandum

169 1403 267 1486 (quod
281 1404 375 1469 Deus
392 1406 554 1472 Dominus
569 1420 680 1472 noster
695 1409 919 1494 Religionibus
933 1408 1102 1494 inspiravit
1115 1432 1193 1474 con-

165 1525 213 1579 tra
240 1516 346 1596 illum,
376 1518 521 1604 aliosque
548 1521 720 1606 Religiosae
747 1521 953 1607 perfectionis
980 1522 1189 1605 adversarios)

165 1630 242 1694 eniti
256 1631 340 1695 solet
355 1654 403 1712 ea,
419 1654 491 1716 quae
506 1655 526 1696 a
539 1633 654 1719 primis
672 1635 914 1699 Fundatoribus
936 1634 1020 1699 bene
1042 1637 1191 1700 ordinata
1254 1663 1255 1666 ¹

165 1743 301 1824 fuerant,
316 1744 488 1810 immutare
503 1769 562 1831 per
580 1747 823 1827 declarationes,
838 1748 889 1811 vel
904 1770 1004 1811 novas
1021 1748 1190 1812 Constitu-

166 1853 266 1918 tiones
286 1856 393 1941 primo
415 1857 544 1921 illorum
568 1858 697 1943 spiritui
719 1858 852 1923 minime
874 1872 1128 1923 consentaneas:
1152 1872 1190 1923 ut

165 1966 249 2048 quod
271 1966 307 2029 in
321 1967 416 2031 nobis
447 1967 546 2032 situm
576 1969 684 2049 fuerit,
714 1971 775 2033 hac
808 1982 900 2055 parte
932 1970 1085 2034 Societati
1113 1993 1188 2054 pro-

166 2078 355 2162 spiciamus3
384 2079 580 2165 Quicunque
596 2082 630 2145 in
646 2104 684 2145 ea
704 2081 939 2166 professionem
961 2082 1137 2160 emiserint,
1153 2105 1187 2145 se

165 2194 201 2257 ad
214 2194 457 2260 innovationem
474 2195 753 2260 Constitutionum
776 2197 811 2260 in
826 2196 877 2275 iis,
892 2218 964 2280 quae
987 2197 1029 2259 ad
1045 2196 1187 2280 Pauper-

165 2311 259 2369 tatem
282 2306 458 2391 pertinent,
485 2307 567 2370 nihil
591 2309 733 2372 facturos
759 2307 962 2393 promittant,
986 2307 1049 2370 nisi
1079 2306 1186 2390 aliquo

165 2419 255 2482 modo
276 2441 336 2504 pro
358 2442 468 2483 rerum
489 2421 729 2484 occurrentium
750 2420 874 2484 ratione
897 2419 1021 2484 camin
1041 2419 1185 2483 Domino

164 2530 260 2616 magis
274 2531 534 2616 restringendam
551 2531 748 2616 judicarent.

133 2641 199 2705 lln
214 2642 377 2722 domibus,
398 2644 451 2708 vel
471 2644 626 2724 ecclesiis,
648 2666 721 2728 quae
744 2666 764 2707 a
786 2644 944 2708 Societate
967 2644 1009 2708 ad
1029 2644 1183 2707 currilium

163 2755 337 2821 animarum
352 2756 581 2836 admittuntur,
596 2756 742 2820 redditus
764 2757 856 2835 nulli,
872 2780 913 2820 ue
936 2756 1089 2820 sacristiae
1112 2755 1184 2840 qui-

164 2865 241 2946 dem,
250 2879 308 2931 aut
322 2867 452 2931 fabricae
467 2867 620 2953 applicati
634 2867 746 2931 haberi
760 2867 906 2953 possint:
930 2868 987 2931 sed
1002 2889 1108 2951 neque
1118 2867 1184 2929 ulla

163 2977 218 3040 alia
230 2978 356 3042 ratione
371 2978 427 3056 ita,
441 2989 480 3041 ut
494 2999 595 3064 penes
611 2978 806 3043 Societatem
828 3000 940 3042 eorum
963 2978 1005 3041 sit
1027 2978 1094 3040 ulla
1116 2978 1182 3041 dis-

162 3089 321 3172 pensatio:
355 3089 412 3153 sed
436 3089 472 3152 in
496 3089 564 3153 solo
590 3091 674 3168 Deo,
700 3089 753 3154 cui
776 3112 834 3175 per
857 3088 958 3174 ipsius
983 3087 1119 3172 gratiam
1144 3108 1182 3150 ea

162 3198 300 3280 inservit,
308 3200 428 3264 fiducia
442 3201 679 3278 constituatur3
702 3201 759 3285 qui
774 3201 905 3285 quidem
921 3199 989 3264 sine
998 3197 1179 3262 redditibus

161 3312 229 3376 ullis
243 3314 285 3378 de
299 3313 397 3377 rebus
412 3313 564 3378 omnibus
578 3313 845 3378 convenientibus
855 3314 896 3377 ad
910 3312 1013 3398 ipsius
1024 3310 1178 3395 majorem

160 3422 283 3488 laudem
299 3435 332 3488 et
346 3424 481 3510 gloriam
496 3424 590 3489 nobis
605 3424 789 3510 prospiciet.

127 3538 143 3596 3
162 3535 295 3602 Professi
308 3536 419 3601 vivant
434 3559 474 3601 ex
493 3536 715 3622 eleemosynis,
729 3536 764 3599 in
779 3535 941 3600 Domibus
956 3535 1087 3613 scilicet,
1103 3534 1177 3596 cum

161 3646 261 3732 aliquo
277 3669 345 3711 non
359 3647 552 3712 mittuntur:
584 3668 644 3711 nec
665 3646 807 3711 officium
827 3647 1003 3710 Rectorum
1022 3645 1179 3710 ordinari-

161 3780 212 3822 um
230 3760 265 3822 in
290 3759 455 3844 Collegiis,
478 3759 530 3824 vel
552 3759 826 3823 Universitatibus
845 3757 1014 3822 Societatis
1036 3758 1178 3822 habeant

164 3873 232 3944 (nisi
251 3873 393 3952 ipsorum
416 3873 594 3950 necessitas,
613 3873 663 3933 vel
684 3872 798 3934 crimin
820 3871 945 3933 utilitas
967 3872 1003 3933 id
1023 3873 1175 3953 occiperet)

161 4003 215 4046 uec
229 3983 410 4048 redditibus
425 4005 536 4047 eorum
551 3983 584 4046 in
601 3982 762 4046 Domibus
777 3992 921 4045 utantur.

127 4097 144 4154 4
162 4093 380 4179 Coadjutores,
402 4095 547 4178 quandiu
571 4095 607 4158 in
627 4093 789 4159 Domibus
815 4102 921 4171 erunt,
944 4113 1016 4176 quae
1038 4114 1077 4156 ex
1095 4095 1176 4159 elee-
