2646 4732
525 355 618 399 rens
643 354 757 399 nous.
1124 343 1213 418 117·

154 611 193 654 DE
208 611 265 671 na,
281 611 365 660 QUAE
382 610 398 654 J
403 609 531 654 UVARE
549 609 746 655 Poeantius
764 610 1008 657 PRAEPOSITUM
1027 614 1144 658 GENE-

236 723 379 783 RALEM,
396 723 444 767 UT
462 722 530 767 SUO
548 722 696 766 OFFIOIO
714 724 813 766 BENE
831 724 1046 770 FUNGA'I'UR.

550 838 649 903 CAP.
672 838 733 903 VI.

132 976 235 1042 lCinr
259 977 431 1063 proprium
456 977 625 1042 Generalis
656 978 797 1041 officium
827 999 893 1042 non
925 980 967 1042 sit
992 980 1188 1062 concionari,

162 1111 216 1152 nec
237 1089 458 1154 confessiones
480 1087 602 1167 audire,
615 1068 685 1152 ¹nee
706 1088 768 1151 alia
789 1087 977 1173 hujusmodi
1002 1091 1188 1177 (inquibus

160 1209 262 1266 tamen
278 1201 344 1280 ille,
358 1209 397 1265 ut
411 1201 615 1286 particularis
630 1222 780 1285 persona,
788 1200 923 1283 videbit,
938 1203 1018 1287 quid
1032 1216 1186 1289 praestare

159 1313 270 1398 possit,
284 1313 405 1376 cirm'ei
420 1334 479 1398 per
494 1312 572 1376 alias
594 1312 823 1397 occupationes
847 1310 943 1376 officii
965 1314 1016 1377 sui
1037 1316 1186 1400 proprias

158 1423 274 1504 licebit,
297 1435 332 1488 et
357 1445 424 1488 non
451 1423 553 1506 aliter)
587 1423 714 1486 sedita
739 1444 849 1508 regere
873 1424 1061 1489 universum
1085 1426 1185 1513 hujus

159 1534 325 1601 societatis
346 1556 475 1621 corpus,
496 1546 535 1598 ut
558 1546 776 1613 conservetur,
796 1546 829 1599 et
848 1536 953 1621 gratia
973 1537 1083 1602 divina
1100 1540 1187 1624 aspi-

157 1659 243 1712 rante
263 1647 301 1711 in
320 1647 407 1711 bono
426 1669 485 1711 suo
507 1654 606 1725 statu,
625 1657 659 1710 et
681 1648 778 1711 modo
799 1647 996 1732 procedendi
1014 1650 1056 1713 ad
1074 1651 1138 1715 Dei
1154 1664 1187 1716 et
1261 1671 1262 1674 ’

159 1759 411 1824 Βοωίῃίηοετή
426 1759 562 1844 gloriam
577 1771 711 1850 crescat,
727 1761 769 1823 ad
785 1782 882 1845 quem
898 1761 960 1826 sibi
979 1763 1186 1848 propositum

157 1871 252 1936 finem
269 1892 330 1934 sua
342 1877 504 1956 potestate
520 1870 570 1933 uti
584 1869 691 1935 debet.

128 1985 276 2050 lPraeter
298 1984 385 2048 dona
406 1982 461 2045 illa
477 1983 685 2068 perfectionis
705 2005 832 2068 magnae
855 1985 1042 2070 spiritualis,
1065 2008 1102 2050 ac
1122 1986 1187 2051 vir-

158 2107 275 2176 tutum,
290 2095 331 2159 de
346 2093 466 2179 quibus
481 2095 625 2158 secundo
641 2095 745 2179 capite
762 2095 886 2160 dietum
902 2107 962 2175 est,
977 2096 1072 2160 bonis
1088 2097 1185 2160 etiam

157 2207 310 2272 ministris
337 2208 380 2270 ad
403 2227 540 2270 munera
562 2205 769 2290 particularia
793 2205 944 2271 obeunda
967 2229 1050 2292 opus
1076 2208 1186 2275 habet.

159 2320 304 2387 Quamvis
319 2319 407 2384 enim
423 2317 656 2405 perseipsum
672 2318 846 2404 aliquando
863 2321 904 2383 ad
925 2319 981 2383 illa
1003 2342 1036 2384 se
1059 2331 1187 2401 vertat3

157 2426 270 2498 babeat
297 2443 409 2496 tamen
436 2452 568 2494 neeesse
600 2440 650 2494 est
675 2431 871 2515 Praepositos
897 2430 1063 2496 inferiores
1093 2434 1186 2517 (quos

157 2544 236 2609 viros
263 2544 402 2609 selectos
428 2564 498 2607 esse
528 2544 668 2629 oportet)
701 2542 821 2627 quibus
847 2544 989 2607 multum
1015 2546 1187 2629 potestatis

160 2658 313 2738 conferre,
328 2667 362 2721 et
376 2656 565 2742 hujusmodi
579 2677 631 2719 res
647 2656 858 2741 particulares
873 2658 939 2721 fere
956 2679 1084 2743 semper
1099 2682 1187 2723 com-

158 2769 281 2834 mittere
295 2767 411 2855 possit.
456 2767 539 2853 Ejus
555 2778 665 2830 autem
680 2767 821 2832 crebrior
835 2769 1085 2834 communicatio
1100 2769 1187 2835 inter

162 2880 355 2967 Praepositos
380 2879 547 2943 inferiores
570 2900 647 2942 cum
672 2879 927 2943 Provincialibus
958 2879 1037 2960 erit3
1068 2882 1186 2945 horum

160 3003 264 3056 autem
279 3012 356 3055 eum
372 2989 577 3069 Rectoribus,
587 3001 621 3055 et
636 2990 823 3075 Praepositis
838 2990 1006 3070 localibus,
1017 3002 1055 3054 ut
1069 2992 1186 3056 melius

163 3101 381 3168 subordinatio
411 3110 628 3167 conservetur.
673 3102 858 3185 Aliquando
881 3114 989 3166 tamen
1017 3101 1187 3166 Generalis

158 3216 205 3281 vel
222 3224 262 3281 ut
287 3214 467 3302 pleniorem
496 3237 605 3278 rerum
631 3213 779 3278 omnium
808 3214 957 3278 notitiam
981 3212 1111 3293 habeat,
1134 3215 1212 3278 vel·

158 3334 287 3414 propter
309 3326 382 3406 alia,
406 3348 479 3412 quae
499 3324 618 3411 saepius
645 3325 788 3389 accidere
813 3325 928 3405 solent,
948 3325 1086 3410 ipsemet
1108 3347 1184 3389 eum

159 3440 359 3519 Rectoribus,
389 3448 423 3504 et
453 3439 640 3525 Praepositis
673 3438 841 3518 localibus,
871 3435 1182 3523 et³‘particular·ibus

159 3553 250 3618 etiam
264 3553 413 3639 personis
434 3563 519 3638 aget,
535 3553 730 3635 eosdemque
753 3546 1182 3636 consilio‚'reptehensione‚

160 3676 198 3746 et,
217 3667 244 3730 si
266 3688 351 3752 opus
373 3677 434 3745 est,
462 3664 658 3730 correctione
690 3661 805 3748 juvare
836 3662 986 3743 studeat3
1004 3706 1010 3716 ·
1025 3656 1182 3730 Quando-

162 3777 285 3860 quidem
304 3777 375 3864 ejus
396 3785 446 3842 est
468 3798 600 3856 munus,
623 3775 768 3840 defectus
785 3774 1183 3860 Praepositoruminferio-

166 3908 231 3952 rum
250 3890 412 3976 supplere,
428 3911 465 3953 ae
488 3911 563 3952 cum
585 3887 694 3951 divino
716 3889 824 3952 favore
845 3896 878 3950 et
900 3885 1018 3949 auxilio
1040 3887 1129 3971 quod
1150 3887 1185 3951 in

161 3999 237 4087 'ipsis
250 4005 432 4090 perfectum
447 4025 514 4068 non
529 4013 590 4084 est,
604 4002 646 4066 ad
660 4000 891 4086 perfectionem
906 3992 1092 4085 perducere.

137 4113 152 4169 3
169 4112 332 4182 adomnia
345 4116 443 4182 etiam
466 4116 620 4194 conferet,
643 4113 671 4178 si
688 4113 856 4178 Generalis
877 4112 1000 4175 litteras
1015 4112 1181 4196 Apostoli-

632 4247 645 4288 1

1218 4296 1295 4448 Ι
