<?xml version="1.0" encoding="UTF-8"?>
<!DOCTYPE html PUBLIC "-//W3C//DTD XHTML 1.0 Transitional//EN"
    "http://www.w3.org/TR/xhtml1/DTD/xhtml1-transitional.dtd">
<html xmlns="http://www.w3.org/1999/xhtml" xml:lang="en" lang="en">
 <head>
  <title>
</title>
<meta http-equiv="Content-Type" content="text/html;charset=utf-8" />
  <meta name='ocr-system' content='tesseract 3.04.00' />
  <meta name='ocr-capabilities' content='ocr_page ocr_carea ocr_par ocr_line ocrx_word'/>
</head>
<body>
  <div class='ocr_page' id='page_1' title='image "./constitutioness00unkngoog_0120.png"; bbox 0 0 2646 4732; ppageno 0'>
   <div class='ocr_carea' id='block_1_1' title="bbox 532 353 1189 427">
    <p class='ocr_par' dir='ltr' id='par_1_1' title="bbox 532 353 1189 427">
     <span class='ocr_line' id='line_1_1' title="bbox 532 353 1189 427; baseline -0.005 -17"><span class='ocrx_word' id='word_1_1' title='bbox 532 368 624 411; x_wconf 74' lang='lat' dir='ltr'><strong>rans</strong></span> <span class='ocrx_word' id='word_1_2' title='bbox 649 367 762 412; x_wconf 75' lang='lat' dir='ltr'><strong>Noun.</strong></span> <span class='ocrx_word' id='word_1_3' title='bbox 1128 353 1189 427; x_wconf 82' lang='lat'><strong>107</strong></span> 
     </span>
    </p>
   </div>
   <div class='ocr_carea' id='block_1_2' title="bbox 129 534 1262 3085">
    <p class='ocr_par' dir='ltr' id='par_1_2' title="bbox 171 534 1189 844">
     <span class='ocr_line' id='line_1_2' title="bbox 175 534 1189 622; baseline 0.002 -21"><span class='ocrx_word' id='word_1_4' title='bbox 175 537 211 602; x_wconf 83' lang='lat' dir='ltr'><strong>ad</strong></span> <span class='ocrx_word' id='word_1_5' title='bbox 223 537 351 601; x_wconf 87' lang='lat' dir='ltr'><strong>easdem</strong></span> <span class='ocrx_word' id='word_1_6' title='bbox 367 534 409 600; x_wconf 85' lang='lat' dir='ltr'><strong>ad</strong></span> <span class='ocrx_word' id='word_1_7' title='bbox 423 535 523 600; x_wconf 89' lang='lat' dir='ltr'><strong>finem</strong></span> <span class='ocrx_word' id='word_1_8' title='bbox 537 548 571 601; x_wconf 92' lang='lat' dir='ltr'><strong>et</strong></span> <span class='ocrx_word' id='word_1_9' title='bbox 590 535 819 622; x_wconf 83' lang='lat' dir='ltr'><strong>perfectionem</strong></span> <span class='ocrx_word' id='word_1_10' title='bbox 837 559 929 601; x_wconf 91' lang='lat' dir='ltr'><strong>suam</strong></span> <span class='ocrx_word' id='word_1_11' title='bbox 947 538 1189 622; x_wconf 85' lang='lat' dir='ltr'><strong>perducendas3</strong></span> 
     </span>
     <span class='ocr_line' id='line_1_3' title="bbox 173 647 1189 736; baseline 0.001 -23"><span class='ocrx_word' id='word_1_12' title='bbox 173 661 204 713; x_wconf 91' lang='lat' dir='ltr'><strong>ut</strong></span> <span class='ocrx_word' id='word_1_13' title='bbox 217 671 275 712; x_wconf 91' lang='lat' dir='ltr'><strong>uec</strong></span> <span class='ocrx_word' id='word_1_14' title='bbox 290 647 425 728; x_wconf 88' lang='lat' dir='ltr'><strong>incuria,</strong></span> <span class='ocrx_word' id='word_1_15' title='bbox 440 671 500 712; x_wconf 90' lang='lat' dir='ltr'><strong>nec</strong></span> <span class='ocrx_word' id='word_1_16' title='bbox 515 649 703 714; x_wconf 86' lang='lat' dir='ltr'><strong>remissione</strong></span> <span class='ocrx_word' id='word_1_17' title='bbox 719 649 818 714; x_wconf 88' lang='lat' dir='ltr'><strong>animi</strong></span> <span class='ocrx_word' id='word_1_18' title='bbox 839 649 1000 719; x_wconf 85' lang='lat' dir='ltr'><strong>inchoatae</strong></span> <span class='ocrx_word' id='word_1_19' title='bbox 1022 661 1055 714; x_wconf 92' lang='lat' dir='ltr'><strong>et</strong></span> <span class='ocrx_word' id='word_1_20' title='bbox 1069 651 1189 736; x_wconf 92' lang='lat' dir='ltr'><strong>imper-</strong></span> 
     </span>
     <span class='ocr_line' id='line_1_4' title="bbox 171 760 506 844; baseline 0 -21"><span class='ocrx_word' id='word_1_21' title='bbox 171 760 256 824; x_wconf 84' lang='lat' dir='ltr'><strong>fectae</strong></span> <span class='ocrx_word' id='word_1_22' title='bbox 270 760 506 844; x_wconf 84' lang='lat' dir='ltr'><strong>relinquantur.</strong></span> 
     </span>
    </p>

    <p class='ocr_par' dir='ltr' id='par_1_3' title="bbox 139 872 1188 1406">
     <span class='ocr_line' id='line_1_5' title="bbox 139 872 1187 958; baseline 0 -22"><span class='ocrx_word' id='word_1_23' title='bbox 139 879 153 936; x_wconf 83' lang='grc'>8</span> <span class='ocrx_word' id='word_1_24' title='bbox 172 872 291 939; x_wconf 71' lang='lat' dir='ltr'><strong>arunte</strong></span> <span class='ocrx_word' id='word_1_25' title='bbox 305 873 347 936; x_wconf 86' lang='lat' dir='ltr'><strong>ad</strong></span> <span class='ocrx_word' id='word_1_26' title='bbox 363 895 481 958; x_wconf 87' lang='lat' dir='ltr'><strong>corpus</strong></span> <span class='ocrx_word' id='word_1_27' title='bbox 497 873 655 958; x_wconf 85' lang='lat' dir='ltr'><strong>pertinet3</strong></span> <span class='ocrx_word' id='word_1_28' title='bbox 682 873 716 934; x_wconf 93' lang='lat' dir='ltr'><strong>in</strong></span> <span class='ocrx_word' id='word_1_29' title='bbox 740 894 816 956; x_wconf 91' lang='lat' dir='ltr'><strong>quo,</strong></span> <span class='ocrx_word' id='word_1_30' title='bbox 832 873 920 957; x_wconf 93' lang='lat' dir='ltr'><strong>quod</strong></span> <span class='ocrx_word' id='word_1_31' title='bbox 942 873 983 936; x_wconf 89' lang='lat' dir='ltr'><strong>ad</strong></span> <span class='ocrx_word' id='word_1_32' title='bbox 1006 873 1187 952; x_wconf 87' lang='lat' dir='ltr'><strong>sanitatem,</strong></span> 
     </span>
     <span class='ocr_line' id='line_1_6' title="bbox 171 983 1187 1069; baseline 0 -21"><span class='ocrx_word' id='word_1_33' title='bbox 171 983 304 1069; x_wconf 87' lang='lat' dir='ltr'><strong>speciem</strong></span> <span class='ocrx_word' id='word_1_34' title='bbox 319 995 496 1063; x_wconf 85' lang='lat' dir='ltr'><strong>externam,</strong></span> <span class='ocrx_word' id='word_1_35' title='bbox 512 996 545 1048; x_wconf 93' lang='lat' dir='ltr'><strong>et</strong></span> <span class='ocrx_word' id='word_1_36' title='bbox 564 991 693 1048; x_wconf 87' lang='lat' dir='ltr'><strong>aetatem</strong></span> <span class='ocrx_word' id='word_1_37' title='bbox 716 984 843 1063; x_wconf 85' lang='lat' dir='ltr'><strong>attinet,</strong></span> <span class='ocrx_word' id='word_1_38' title='bbox 865 985 1014 1048; x_wconf 89' lang='lat' dir='ltr'><strong>habenda</strong></span> <span class='ocrx_word' id='word_1_39' title='bbox 1036 995 1085 1048; x_wconf 91' lang='lat' dir='ltr'><strong>est</strong></span> <span class='ocrx_word' id='word_1_40' title='bbox 1106 985 1187 1048; x_wconf 90' lang='lat' dir='ltr'><strong>ratio</strong></span> 
     </span>
     <span class='ocr_line' id='line_1_7' title="bbox 169 1082 1188 1182; baseline 0 -22"><span class='ocrx_word' id='word_1_41' title='bbox 169 1096 239 1161; x_wconf 90' lang='lat' dir='ltr'><strong>hinc</strong></span> <span class='ocrx_word' id='word_1_42' title='bbox 262 1098 395 1182; x_wconf 92' lang='lat' dir='ltr'><strong>quidem</strong></span> <span class='ocrx_word' id='word_1_43' title='bbox 413 1097 568 1161; x_wconf 87' lang='lat' dir='ltr'><strong>decentiae</strong></span> <span class='ocrx_word' id='word_1_44' title='bbox 589 1109 622 1161; x_wconf 92' lang='lat' dir='ltr'><strong>et</strong></span> <span class='ocrx_word' id='word_1_45' title='bbox 642 1082 858 1176; x_wconf 84' lang='lat' dir='ltr'><strong>authoritatis,</strong></span> <span class='ocrx_word' id='word_1_46' title='bbox 881 1098 955 1162; x_wconf 91' lang='lat' dir='ltr'><strong>inde</strong></span> <span class='ocrx_word' id='word_1_47' title='bbox 975 1099 1050 1162; x_wconf 74' lang='lat' dir='ltr'><strong>vero</strong></span> <span class='ocrx_word' id='word_1_48' title='bbox 1070 1098 1188 1163; x_wconf 91' lang='lat' dir='ltr'><strong>virium</strong></span> 
     </span>
     <span class='ocr_line' id='line_1_8' title="bbox 169 1208 1188 1296; baseline 0 -22"><span class='ocrx_word' id='word_1_49' title='bbox 169 1210 317 1295; x_wconf 86' lang='lat' dir='ltr'><strong>corporis,</strong></span> <span class='ocrx_word' id='word_1_50' title='bbox 333 1231 414 1295; x_wconf 87' lang='lat' dir='ltr'><strong>quas</strong></span> <span class='ocrx_word' id='word_1_51' title='bbox 430 1208 499 1294; x_wconf 88' lang='lat' dir='ltr'><strong>ejus</strong></span> <span class='ocrx_word' id='word_1_52' title='bbox 514 1231 635 1273; x_wconf 90' lang='lat' dir='ltr'><strong>munus</strong></span> <span class='ocrx_word' id='word_1_53' title='bbox 651 1209 771 1294; x_wconf 84' lang='lat' dir='ltr'><strong>exigit3</strong></span> <span class='ocrx_word' id='word_1_54' title='bbox 801 1220 839 1273; x_wconf 90' lang='lat' dir='ltr'><strong>ut</strong></span> <span class='ocrx_word' id='word_1_55' title='bbox 860 1210 895 1274; x_wconf 93' lang='lat' dir='ltr'><strong>in</strong></span> <span class='ocrx_word' id='word_1_56' title='bbox 918 1233 956 1275; x_wconf 92' lang='lat' dir='ltr'><strong>eo</strong></span> <span class='ocrx_word' id='word_1_57' title='bbox 975 1211 1068 1296; x_wconf 86' lang='lat' dir='ltr'><strong>fungi</strong></span> <span class='ocrx_word' id='word_1_58' title='bbox 1082 1210 1188 1275; x_wconf 83' lang='lat' dir='ltr'><strong>officio</strong></span> 
     </span>
     <span class='ocr_line' id='line_1_9' title="bbox 170 1320 960 1406; baseline 0 -21"><span class='ocrx_word' id='word_1_59' title='bbox 170 1343 223 1385; x_wconf 87' lang='lat' dir='ltr'><strong>suo</strong></span> <span class='ocrx_word' id='word_1_60' title='bbox 238 1322 280 1384; x_wconf 94' lang='lat' dir='ltr'><strong>ad</strong></span> <span class='ocrx_word' id='word_1_61' title='bbox 296 1321 359 1384; x_wconf 90' lang='lat' dir='ltr'><strong>Dei</strong></span> <span class='ocrx_word' id='word_1_62' title='bbox 374 1342 411 1384; x_wconf 86' lang='lat' dir='ltr'><strong>ac</strong></span> <span class='ocrx_word' id='word_1_63' title='bbox 428 1320 563 1385; x_wconf 89' lang='lat' dir='ltr'><strong>Domini</strong></span> <span class='ocrx_word' id='word_1_64' title='bbox 578 1320 682 1385; x_wconf 87' lang='lat' dir='ltr'><strong>nostri</strong></span> <span class='ocrx_word' id='word_1_65' title='bbox 697 1321 831 1405; x_wconf 81' lang='lat' dir='ltr'><strong>gloriam</strong></span> <span class='ocrx_word' id='word_1_66' title='bbox 846 1321 960 1406; x_wconf 87' lang='lat' dir='ltr'><strong>possit.</strong></span> 
     </span>
    </p>

    <p class='ocr_par' dir='ltr' id='par_1_4' title="bbox 138 1431 1262 2073">
     <span class='ocr_line' id='line_1_10' title="bbox 138 1431 1188 1517; baseline 0 -22"><span class='ocrx_word' id='word_1_67' title='bbox 138 1432 262 1496; x_wconf 69' lang='lat' dir='ltr'><strong>lsexta</strong></span> <span class='ocrx_word' id='word_1_68' title='bbox 279 1431 364 1496; x_wconf 89' lang='lat' dir='ltr'><strong>circa</strong></span> <span class='ocrx_word' id='word_1_69' title='bbox 381 1454 432 1495; x_wconf 91' lang='lat' dir='ltr'><strong>res</strong></span> <span class='ocrx_word' id='word_1_70' title='bbox 456 1443 603 1497; x_wconf 78' lang='lat' dir='ltr'><strong>externas</strong></span> <span class='ocrx_word' id='word_1_71' title='bbox 622 1443 681 1511; x_wconf 86' lang='lat' dir='ltr'><strong>est,</strong></span> <span class='ocrx_word' id='word_1_72' title='bbox 704 1431 788 1495; x_wconf 88' lang='lat' dir='ltr'><strong>iuter</strong></span> <span class='ocrx_word' id='word_1_73' title='bbox 811 1454 903 1516; x_wconf 71' lang='lat' dir='ltr'><strong>quaa,</strong></span> <span class='ocrx_word' id='word_1_74' title='bbox 925 1454 998 1517; x_wconf 87' lang='lat' dir='ltr'><strong>quae</strong></span> <span class='ocrx_word' id='word_1_75' title='bbox 1020 1432 1124 1517; x_wconf 87' lang='lat' dir='ltr'><strong>magis</strong></span> <span class='ocrx_word' id='word_1_76' title='bbox 1147 1433 1188 1495; x_wconf 91' lang='lat' dir='ltr'><strong>ad</strong></span> 
     </span>
     <span class='ocr_line' id='line_1_11' title="bbox 170 1542 1189 1627; baseline -0.001 -20"><span class='ocrx_word' id='word_1_77' title='bbox 170 1543 410 1608; x_wconf 82' lang='lat' dir='ltr'><strong>edificationem</strong></span> <span class='ocrx_word' id='word_1_78' title='bbox 425 1554 457 1607; x_wconf 91' lang='lat' dir='ltr'><strong>et</strong></span> <span class='ocrx_word' id='word_1_79' title='bbox 473 1543 536 1607; x_wconf 92' lang='lat' dir='ltr'><strong>Dei</strong></span> <span class='ocrx_word' id='word_1_80' title='bbox 558 1542 751 1627; x_wconf 88' lang='lat' dir='ltr'><strong>obsequium</strong></span> <span class='ocrx_word' id='word_1_81' title='bbox 772 1543 807 1605; x_wconf 91' lang='lat' dir='ltr'><strong>in</strong></span> <span class='ocrx_word' id='word_1_82' title='bbox 829 1562 867 1606; x_wconf 93' lang='lat' dir='ltr'><strong>eo</strong></span> <span class='ocrx_word' id='word_1_83' title='bbox 888 1542 992 1606; x_wconf 90' lang='lat' dir='ltr'><strong>officio</strong></span> <span class='ocrx_word' id='word_1_84' title='bbox 1009 1544 1189 1622; x_wconf 89' lang='lat' dir='ltr'><strong>conferunt,</strong></span> 
     </span>
     <span class='ocr_line' id='line_1_12' title="bbox 170 1654 1262 1739; baseline -0.003 -19"><span class='ocrx_word' id='word_1_85' title='bbox 170 1655 306 1739; x_wconf 82' lang='lat' dir='ltr'><strong>praeferri</strong></span> <span class='ocrx_word' id='word_1_86' title='bbox 321 1654 451 1718; x_wconf 88' lang='lat' dir='ltr'><strong>debent.</strong></span> <span class='ocrx_word' id='word_1_87' title='bbox 498 1654 697 1738; x_wconf 88' lang='lat' dir='ltr'><strong>Hujusmodi</strong></span> <span class='ocrx_word' id='word_1_88' title='bbox 713 1677 782 1718; x_wconf 89' lang='lat' dir='ltr'><strong>esse</strong></span> <span class='ocrx_word' id='word_1_89' title='bbox 799 1654 914 1733; x_wconf 88' lang='lat' dir='ltr'><strong>solent,</strong></span> <span class='ocrx_word' id='word_1_90' title='bbox 938 1654 1038 1739; x_wconf 86' lang='lat' dir='ltr'><strong>siquis</strong></span> <span class='ocrx_word' id='word_1_91' title='bbox 1060 1676 1188 1739; x_wconf 86' lang='lat' dir='ltr'><strong>magnae</strong></span> <span class='ocrx_word' id='word_1_92' title='bbox 1261 1683 1262 1686; x_wconf 40' lang='lat'>¹</span> 
     </span>
     <span class='ocr_line' id='line_1_13' title="bbox 171 1764 1188 1848; baseline 0 -20"><span class='ocrx_word' id='word_1_93' title='bbox 171 1764 207 1828; x_wconf 86' lang='lat' dir='ltr'><strong>sit</strong></span> <span class='ocrx_word' id='word_1_94' title='bbox 226 1765 483 1843; x_wconf 81' lang='lat' dir='ltr'><strong>existimationis,</strong></span> <span class='ocrx_word' id='word_1_95' title='bbox 503 1787 539 1828; x_wconf 91' lang='lat' dir='ltr'><strong>ac</strong></span> <span class='ocrx_word' id='word_1_96' title='bbox 566 1765 700 1829; x_wconf 90' lang='lat' dir='ltr'><strong>celebris</strong></span> <span class='ocrx_word' id='word_1_97' title='bbox 721 1765 880 1829; x_wconf 87' lang='lat' dir='ltr'><strong>nominis:</strong></span> <span class='ocrx_word' id='word_1_98' title='bbox 908 1773 940 1828; x_wconf 92' lang='lat' dir='ltr'><strong>et</strong></span> <span class='ocrx_word' id='word_1_99' title='bbox 959 1766 1090 1828; x_wconf 92' lang='lat' dir='ltr'><strong>demum</strong></span> <span class='ocrx_word' id='word_1_100' title='bbox 1113 1787 1188 1848; x_wconf 86' lang='lat' dir='ltr'><strong>quae</strong></span> 
     </span>
     <span class='ocr_line' id='line_1_14' title="bbox 171 1875 1191 1959; baseline -0.001 -20"><span class='ocrx_word' id='word_1_101' title='bbox 171 1898 206 1939; x_wconf 84' lang='lat' dir='ltr'><strong>ex</strong></span> <span class='ocrx_word' id='word_1_102' title='bbox 219 1876 342 1940; x_wconf 83' lang='lat' dir='ltr'><strong>caeteris</strong></span> <span class='ocrx_word' id='word_1_103' title='bbox 359 1877 400 1939; x_wconf 86' lang='lat' dir='ltr'><strong>ad</strong></span> <span class='ocrx_word' id='word_1_104' title='bbox 415 1876 644 1940; x_wconf 87' lang='lat' dir='ltr'><strong>authoritatem</strong></span> <span class='ocrx_word' id='word_1_105' title='bbox 660 1899 735 1940; x_wconf 92' lang='lat' dir='ltr'><strong>cum</strong></span> <span class='ocrx_word' id='word_1_106' title='bbox 757 1876 897 1939; x_wconf 85' lang='lat' dir='ltr'><strong>externis</strong></span> <span class='ocrx_word' id='word_1_107' title='bbox 918 1888 950 1940; x_wconf 89' lang='lat' dir='ltr'><strong>et</strong></span> <span class='ocrx_word' id='word_1_108' title='bbox 973 1898 1048 1939; x_wconf 93' lang='lat' dir='ltr'><strong>cum</strong></span> <span class='ocrx_word' id='word_1_109' title='bbox 1068 1876 1119 1955; x_wconf 91' lang='lat' dir='ltr'><strong>iis,</strong></span> <span class='ocrx_word' id='word_1_110' title='bbox 1135 1875 1191 1959; x_wconf 93' lang='lat' dir='ltr'><strong>qui</strong></span> 
     </span>
     <span class='ocr_line' id='line_1_15' title="bbox 173 1988 666 2073; baseline 0.002 -22"><span class='ocrx_word' id='word_1_111' title='bbox 173 1988 207 2051; x_wconf 90' lang='lat' dir='ltr'><strong>de</strong></span> <span class='ocrx_word' id='word_1_112' title='bbox 222 1989 382 2053; x_wconf 87' lang='lat' dir='ltr'><strong>Societate</strong></span> <span class='ocrx_word' id='word_1_113' title='bbox 398 1996 486 2067; x_wconf 90' lang='lat' dir='ltr'><strong>sunt,</strong></span> <span class='ocrx_word' id='word_1_114' title='bbox 501 1988 666 2073; x_wconf 86' lang='lat' dir='ltr'><strong>adjuvant.</strong></span> 
     </span>
    </p>

    <p class='ocr_par' dir='ltr' id='par_1_5' title="bbox 129 2099 1191 3085">
     <span class='ocr_line' id='line_1_16' title="bbox 129 2099 1191 2186; baseline 0.002 -26"><span class='ocrx_word' id='word_1_115' title='bbox 129 2103 157 2162; x_wconf 90' lang='lat'><strong>10</strong></span> <span class='ocrx_word' id='word_1_116' title='bbox 172 2100 314 2186; x_wconf 89' lang='lat' dir='ltr'><strong>Denique</strong></span> <span class='ocrx_word' id='word_1_117' title='bbox 330 2124 370 2165; x_wconf 86' lang='lat' dir='ltr'><strong>ex</strong></span> <span class='ocrx_word' id='word_1_118' title='bbox 385 2123 496 2165; x_wconf 91' lang='lat' dir='ltr'><strong>eorum</strong></span> <span class='ocrx_word' id='word_1_119' title='bbox 512 2123 647 2164; x_wconf 89' lang='lat' dir='ltr'><strong>numero</strong></span> <span class='ocrx_word' id='word_1_120' title='bbox 663 2123 732 2164; x_wconf 88' lang='lat' dir='ltr'><strong>esse</strong></span> <span class='ocrx_word' id='word_1_121' title='bbox 754 2100 850 2164; x_wconf 88' lang='lat' dir='ltr'><strong>debet</strong></span> <span class='ocrx_word' id='word_1_122' title='bbox 867 2100 1065 2183; x_wconf 87' lang='lat' dir='ltr'><strong>Praepositus</strong></span> <span class='ocrx_word' id='word_1_123' title='bbox 1082 2099 1191 2163; x_wconf 89' lang='lat' dir='ltr'><strong>Gene-</strong></span> 
     </span>
     <span class='ocr_line' id='line_1_17' title="bbox 172 2209 1186 2292; baseline -0.002 -16"><span class='ocrx_word' id='word_1_124' title='bbox 172 2212 247 2292; x_wconf 84' lang='lat' dir='ltr'><strong>ralis,</strong></span> <span class='ocrx_word' id='word_1_125' title='bbox 296 2213 332 2276; x_wconf 93' lang='lat' dir='ltr'><strong>ui</strong></span> <span class='ocrx_word' id='word_1_126' title='bbox 361 2212 396 2275; x_wconf 92' lang='lat' dir='ltr'><strong>in</strong></span> <span class='ocrx_word' id='word_1_127' title='bbox 426 2212 515 2276; x_wconf 92' lang='lat' dir='ltr'><strong>omni</strong></span> <span class='ocrx_word' id='word_1_128' title='bbox 544 2213 702 2276; x_wconf 88' lang='lat' dir='ltr'><strong>virtutum</strong></span> <span class='ocrx_word' id='word_1_129' title='bbox 733 2224 849 2275; x_wconf 85' lang='lat' dir='ltr'><strong>ornatu</strong></span> <span class='ocrx_word' id='word_1_130' title='bbox 880 2209 1058 2289; x_wconf 84' lang='lat' dir='ltr'><strong>clarissimi,</strong></span> <span class='ocrx_word' id='word_1_131' title='bbox 1088 2221 1121 2273; x_wconf 93' lang='lat' dir='ltr'><strong>et</strong></span> <span class='ocrx_word' id='word_1_132' title='bbox 1147 2210 1186 2274; x_wconf 94' lang='lat' dir='ltr'><strong>de</strong></span> 
     </span>
     <span class='ocr_line' id='line_1_18' title="bbox 174 2322 1190 2409; baseline -0.004 -21"><span class='ocrx_word' id='word_1_133' title='bbox 174 2322 324 2388; x_wconf 84' lang='lat' dir='ltr'><strong>Societate</strong></span> <span class='ocrx_word' id='word_1_134' title='bbox 339 2323 462 2409; x_wconf 75' lang='lat' dir='ltr'><strong>optime</strong></span> <span class='ocrx_word' id='word_1_135' title='bbox 477 2323 594 2402; x_wconf 91' lang='lat' dir='ltr'><strong>meriti,</strong></span> <span class='ocrx_word' id='word_1_136' title='bbox 609 2331 642 2386; x_wconf 89' lang='lat' dir='ltr'><strong>et</strong></span> <span class='ocrx_word' id='word_1_137' title='bbox 658 2323 714 2386; x_wconf 91' lang='lat' dir='ltr'><strong>diu</strong></span> <span class='ocrx_word' id='word_1_138' title='bbox 736 2323 771 2386; x_wconf 89' lang='lat' dir='ltr'><strong>iu</strong></span> <span class='ocrx_word' id='word_1_139' title='bbox 794 2324 906 2386; x_wconf 86' lang='lat' dir='ltr'><strong>eadem</strong></span> <span class='ocrx_word' id='word_1_140' title='bbox 929 2322 1008 2385; x_wconf 88' lang='lat' dir='ltr'><strong>tales</strong></span> <span class='ocrx_word' id='word_1_141' title='bbox 1031 2344 1101 2385; x_wconf 90' lang='lat' dir='ltr'><strong>esse</strong></span> <span class='ocrx_word' id='word_1_142' title='bbox 1115 2344 1190 2406; x_wconf 91' lang='lat' dir='ltr'><strong>per-</strong></span> 
     </span>
     <span class='ocr_line' id='line_1_19' title="bbox 174 2436 1191 2523; baseline 0 -22"><span class='ocrx_word' id='word_1_143' title='bbox 174 2439 267 2523; x_wconf 87' lang='lat' dir='ltr'><strong>specti</strong></span> <span class='ocrx_word' id='word_1_144' title='bbox 281 2449 371 2503; x_wconf 84' lang='lat' dir='ltr'><strong>sunt.</strong></span> <span class='ocrx_word' id='word_1_145' title='bbox 415 2439 461 2502; x_wconf 85' lang='lat' dir='ltr'><strong>Et</strong></span> <span class='ocrx_word' id='word_1_146' title='bbox 477 2438 504 2502; x_wconf 91' lang='lat' dir='ltr'><strong>si</strong></span> <span class='ocrx_word' id='word_1_147' title='bbox 520 2438 636 2523; x_wconf 87' lang='lat' dir='ltr'><strong>aliquae</strong></span> <span class='ocrx_word' id='word_1_148' title='bbox 652 2461 692 2502; x_wconf 84' lang='lat' dir='ltr'><strong>ex</strong></span> <span class='ocrx_word' id='word_1_149' title='bbox 714 2438 845 2502; x_wconf 90' lang='lat' dir='ltr'><strong>dotibus</strong></span> <span class='ocrx_word' id='word_1_150' title='bbox 862 2436 1009 2522; x_wconf 87' lang='lat' dir='ltr'><strong>superius</strong></span> <span class='ocrx_word' id='word_1_151' title='bbox 1025 2436 1119 2501; x_wconf 87' lang='lat' dir='ltr'><strong>dictis</strong></span> <span class='ocrx_word' id='word_1_152' title='bbox 1136 2437 1191 2501; x_wconf 92' lang='lat' dir='ltr'><strong>de-</strong></span> 
     </span>
     <span class='ocr_line' id='line_1_20' title="bbox 174 2548 1190 2633; baseline -0.001 -21"><span class='ocrx_word' id='word_1_153' title='bbox 174 2562 290 2630; x_wconf 83' lang='lat' dir='ltr'><strong>essent3</strong></span> <span class='ocrx_word' id='word_1_154' title='bbox 322 2548 408 2613; x_wconf 76' lang='lat' dir='ltr'><strong>certe</strong></span> <span class='ocrx_word' id='word_1_155' title='bbox 430 2572 497 2613; x_wconf 90' lang='lat' dir='ltr'><strong>non</strong></span> <span class='ocrx_word' id='word_1_156' title='bbox 520 2549 604 2613; x_wconf 91' lang='lat' dir='ltr'><strong>desit</strong></span> <span class='ocrx_word' id='word_1_157' title='bbox 628 2549 744 2612; x_wconf 87' lang='lat' dir='ltr'><strong>eximia</strong></span> <span class='ocrx_word' id='word_1_158' title='bbox 768 2549 924 2633; x_wconf 79' lang='lat' dir='ltr'><strong>probitaS,</strong></span> <span class='ocrx_word' id='word_1_159' title='bbox 947 2559 979 2612; x_wconf 86' lang='lat' dir='ltr'><strong>et</strong></span> <span class='ocrx_word' id='word_1_160' title='bbox 1002 2570 1092 2612; x_wconf 88' lang='lat' dir='ltr'><strong>amor</strong></span> <span class='ocrx_word' id='word_1_161' title='bbox 1113 2570 1190 2633; x_wconf 89' lang='lat' dir='ltr'><strong>erga</strong></span> 
     </span>
     <span class='ocr_line' id='line_1_21' title="bbox 175 2661 1190 2748; baseline -0.003 -20"><span class='ocrx_word' id='word_1_162' title='bbox 175 2662 360 2728; x_wconf 82' lang='lat' dir='ltr'><strong>Societatem</strong></span> <span class='ocrx_word' id='word_1_163' title='bbox 375 2685 412 2727; x_wconf 88' lang='lat' dir='ltr'><strong>ac</strong></span> <span class='ocrx_word' id='word_1_164' title='bbox 429 2662 591 2748; x_wconf 91' lang='lat' dir='ltr'><strong>judicium</strong></span> <span class='ocrx_word' id='word_1_165' title='bbox 606 2662 740 2741; x_wconf 89' lang='lat' dir='ltr'><strong>bouum,</strong></span> <span class='ocrx_word' id='word_1_166' title='bbox 757 2663 845 2747; x_wconf 93' lang='lat' dir='ltr'><strong>quod</strong></span> <span class='ocrx_word' id='word_1_167' title='bbox 867 2662 973 2747; x_wconf 32' lang='lat' dir='ltr'><strong>etiam,</strong></span> <span class='ocrx_word' id='word_1_168' title='bbox 982 2661 1098 2726; x_wconf 88' lang='lat' dir='ltr'><strong>idonea</strong></span> <span class='ocrx_word' id='word_1_169' title='bbox 1113 2663 1190 2726; x_wconf 92' lang='lat' dir='ltr'><strong>doc-</strong></span> 
     </span>
     <span class='ocr_line' id='line_1_22' title="bbox 174 2772 1188 2860; baseline -0.002 -21"><span class='ocrx_word' id='word_1_170' title='bbox 174 2775 248 2842; x_wconf 85' lang='lat' dir='ltr'><strong>trina</strong></span> <span class='ocrx_word' id='word_1_171' title='bbox 262 2775 444 2842; x_wconf 89' lang='lat' dir='ltr'><strong>comitetur.</strong></span> <span class='ocrx_word' id='word_1_172' title='bbox 491 2776 532 2839; x_wconf 92' lang='lat' dir='ltr'><strong>In</strong></span> <span class='ocrx_word' id='word_1_173' title='bbox 547 2774 678 2859; x_wconf 88' lang='lat' dir='ltr'><strong>reliquis</strong></span> <span class='ocrx_word' id='word_1_174' title='bbox 699 2775 785 2838; x_wconf 90' lang='lat' dir='ltr'><strong>enim</strong></span> <span class='ocrx_word' id='word_1_175' title='bbox 807 2797 865 2860; x_wconf 88' lang='lat' dir='ltr'><strong>per</strong></span> <span class='ocrx_word' id='word_1_176' title='bbox 887 2797 953 2854; x_wconf 92' lang='lat' dir='ltr'><strong>eos,</strong></span> <span class='ocrx_word' id='word_1_177' title='bbox 976 2774 1032 2859; x_wconf 93' lang='lat' dir='ltr'><strong>qui</strong></span> <span class='ocrx_word' id='word_1_178' title='bbox 1055 2775 1097 2838; x_wconf 90' lang='lat' dir='ltr'><strong>ad</strong></span> <span class='ocrx_word' id='word_1_179' title='bbox 1118 2772 1188 2858; x_wconf 87' lang='lat' dir='ltr'><strong>ejus</strong></span> 
     </span>
     <span class='ocr_line' id='line_1_23' title="bbox 175 2886 1186 2972; baseline -0.002 -21"><span class='ocrx_word' id='word_1_180' title='bbox 175 2889 319 2953; x_wconf 83' lang='lat' dir='ltr'><strong>auxilium</strong></span> <span class='ocrx_word' id='word_1_181' title='bbox 345 2888 529 2952; x_wconf 87' lang='lat' dir='ltr'><strong>destinandi</strong></span> <span class='ocrx_word' id='word_1_182' title='bbox 561 2896 638 2951; x_wconf 90' lang='lat' dir='ltr'><strong>sunt</strong></span> <span class='ocrx_word' id='word_1_183' title='bbox 666 2888 717 2970; x_wconf 84' lang='lat' dir='ltr'><strong>(de</strong></span> <span class='ocrx_word' id='word_1_184' title='bbox 742 2887 860 2972; x_wconf 87' lang='lat' dir='ltr'><strong>quibus</strong></span> <span class='ocrx_word' id='word_1_185' title='bbox 890 2887 1024 2952; x_wconf 87' lang='lat' dir='ltr'><strong>inferius</strong></span> <span class='ocrx_word' id='word_1_186' title='bbox 1050 2886 1186 2967; x_wconf 84' lang='lat' dir='ltr'><strong>dicetur)</strong></span> 
     </span>
     <span class='ocr_line' id='line_1_24' title="bbox 176 2999 1123 3085; baseline 0 -23"><span class='ocrx_word' id='word_1_187' title='bbox 176 3020 240 3064; x_wconf 89' lang='lat' dir='ltr'><strong>cum</strong></span> <span class='ocrx_word' id='word_1_188' title='bbox 254 3000 374 3066; x_wconf 84' lang='lat' dir='ltr'><strong>auxilio</strong></span> <span class='ocrx_word' id='word_1_189' title='bbox 390 3012 421 3064; x_wconf 89' lang='lat' dir='ltr'><strong>et</strong></span> <span class='ocrx_word' id='word_1_190' title='bbox 436 3000 543 3064; x_wconf 87' lang='lat' dir='ltr'><strong>favore</strong></span> <span class='ocrx_word' id='word_1_191' title='bbox 558 2999 668 3064; x_wconf 92' lang='lat' dir='ltr'><strong>divino</strong></span> <span class='ocrx_word' id='word_1_192' title='bbox 683 2999 787 3064; x_wconf 92' lang='lat' dir='ltr'><strong>multa</strong></span> <span class='ocrx_word' id='word_1_193' title='bbox 802 2999 944 3085; x_wconf 89' lang='lat' dir='ltr'><strong>suppleri</strong></span> <span class='ocrx_word' id='word_1_194' title='bbox 959 3007 1123 3084; x_wconf 90' lang='lat' dir='ltr'><strong>poterunt.</strong></span> 
     </span>
    </p>
   </div>
   <div class='ocr_carea' id='block_1_3' title="bbox 170 3303 1134 3492">
    <p class='ocr_par' dir='ltr' id='par_1_6' title="bbox 170 3303 1134 3492">
     <span class='ocr_line' id='line_1_25' title="bbox 170 3303 1134 3367; baseline -0.006 -5"><span class='ocrx_word' id='word_1_195' title='bbox 170 3320 207 3364; x_wconf 83' lang='lat' dir='ltr'><strong>DE</strong></span> <span class='ocrx_word' id='word_1_196' title='bbox 224 3323 431 3367; x_wconf 79' lang='lat' dir='ltr'><strong>PO&#39;l&#39;ES&#39;l&#39;ATE</strong></span> <span class='ocrx_word' id='word_1_197' title='bbox 449 3303 650 3364; x_wconf 78' lang='lat' dir='ltr'>PRAEPOSITI</span> <span class='ocrx_word' id='word_1_198' title='bbox 669 3316 880 3361; x_wconf 81' lang='lat' dir='ltr'><strong>GENERALIS</strong></span> <span class='ocrx_word' id='word_1_199' title='bbox 897 3314 996 3357; x_wconf 73' lang='lat' dir='ltr'><strong>ERGA</strong></span> <span class='ocrx_word' id='word_1_200' title='bbox 1014 3313 1134 3358; x_wconf 81' lang='lat' dir='ltr'><strong>SOGIE·</strong></span> 
     </span>
     <span class='ocr_line' id='line_1_26' title="bbox 369 3428 915 3492; baseline -0.015 -15"><span class='ocrx_word' id='word_1_201' title='bbox 369 3433 506 3492; x_wconf 78' lang='grc' dir='ltr'>ΤΑΤΕΜ,</span> <span class='ocrx_word' id='word_1_202' title='bbox 523 3431 569 3476; x_wconf 77' lang='lat' dir='ltr'><strong>Ac</strong></span> <span class='ocrx_word' id='word_1_203' title='bbox 587 3432 635 3474; x_wconf 84' lang='lat' dir='ltr'><strong>DE</strong></span> <span class='ocrx_word' id='word_1_204' title='bbox 652 3428 799 3473; x_wconf 82' lang='lat' dir='ltr'><strong>OFFIGIO</strong></span> <span class='ocrx_word' id='word_1_205' title='bbox 816 3428 915 3470; x_wconf 79' lang='lat' dir='ltr'><strong>EJUS.</strong></span> 
     </span>
    </p>
   </div>
   <div class='ocr_carea' id='block_1_4' title="bbox 549 3548 739 3615">
    <p class='ocr_par' dir='ltr' id='par_1_7' title="bbox 549 3548 739 3615">
     <span class='ocr_line' id='line_1_27' title="bbox 549 3548 739 3615; baseline -0.021 0"><span class='ocrx_word' id='word_1_206' title='bbox 549 3550 647 3615; x_wconf 84' lang='lat' dir='ltr'><strong>CAP.</strong></span> <span class='ocrx_word' id='word_1_207' title='bbox 673 3548 739 3612; x_wconf 93' lang='lat' dir='ltr'><strong>III.</strong></span> 
     </span>
    </p>
   </div>
   <div class='ocr_carea' id='block_1_5' title="bbox 142 3665 1189 4207">
    <p class='ocr_par' dir='ltr' id='par_1_8' title="bbox 142 3665 1189 4207">
     <span class='ocr_line' id='line_1_28' title="bbox 142 3665 1188 3760; baseline -0.012 -21"><span class='ocrx_word' id='word_1_208' title='bbox 142 3674 154 3731; x_wconf 92' lang='lat' dir='ltr'><strong>l</strong></span> <span class='ocrx_word' id='word_1_209' title='bbox 173 3671 220 3740; x_wconf 87' lang='lat' dir='ltr'><strong>Ur</strong></span> <span class='ocrx_word' id='word_1_210' title='bbox 234 3676 317 3740; x_wconf 91' lang='lat' dir='ltr'><strong>bene</strong></span> <span class='ocrx_word' id='word_1_211' title='bbox 332 3675 533 3760; x_wconf 89' lang='lat' dir='ltr'><strong>gubernetur</strong></span> <span class='ocrx_word' id='word_1_212' title='bbox 548 3673 709 3749; x_wconf 82' lang='lat' dir='ltr'><strong>Societas;</strong></span> <span class='ocrx_word' id='word_1_213' title='bbox 731 3668 881 3755; x_wconf 89' lang='lat' dir='ltr'><strong>expedire</strong></span> <span class='ocrx_word' id='word_1_214' title='bbox 903 3667 937 3731; x_wconf 92' lang='lat' dir='ltr'><strong>in</strong></span> <span class='ocrx_word' id='word_1_215' title='bbox 960 3665 1072 3752; x_wconf 88' lang='lat' dir='ltr'><strong>primis</strong></span> <span class='ocrx_word' id='word_1_216' title='bbox 1096 3665 1188 3729; x_wconf 85' lang='lat' dir='ltr'><strong>duxi-</strong></span> 
     </span>
     <span class='ocr_line' id='line_1_29' title="bbox 172 3780 1187 3873; baseline -0.01 -23"><span class='ocrx_word' id='word_1_217' title='bbox 172 3805 246 3866; x_wconf 86' lang='lat' dir='ltr'><strong>mus,</strong></span> <span class='ocrx_word' id='word_1_218' title='bbox 261 3799 299 3851; x_wconf 88' lang='lat' dir='ltr'><strong>ut</strong></span> <span class='ocrx_word' id='word_1_219' title='bbox 315 3787 514 3873; x_wconf 84' lang='lat' dir='ltr'><strong>Praepositus</strong></span> <span class='ocrx_word' id='word_1_220' title='bbox 531 3783 699 3851; x_wconf 89' lang='lat' dir='ltr'><strong>Generalis</strong></span> <span class='ocrx_word' id='word_1_221' title='bbox 715 3804 844 3848; x_wconf 88' lang='lat' dir='ltr'><strong>omnem</strong></span> <span class='ocrx_word' id='word_1_222' title='bbox 860 3780 977 3843; x_wconf 86' lang='lat' dir='ltr'><strong>habeat</strong></span> <span class='ocrx_word' id='word_1_223' title='bbox 992 3788 1187 3862; x_wconf 89' lang='lat' dir='ltr'><strong>potestatem</strong></span> 
     </span>
     <span class='ocr_line' id='line_1_30' title="bbox 172 3889 1188 3976; baseline -0.008 -16"><span class='ocrx_word' id='word_1_224' title='bbox 172 3893 201 3960; x_wconf 90' lang='lat' dir='ltr'><strong>in</strong></span> <span class='ocrx_word' id='word_1_225' title='bbox 225 3898 420 3963; x_wconf 86' lang='lat' dir='ltr'><strong>Societatem</strong></span> <span class='ocrx_word' id='word_1_226' title='bbox 450 3899 492 3962; x_wconf 91' lang='lat' dir='ltr'><strong>ad</strong></span> <span class='ocrx_word' id='word_1_227' title='bbox 521 3895 786 3962; x_wconf 81' lang='lat' dir='ltr'><strong>aedificationem:</strong></span> <span class='ocrx_word' id='word_1_228' title='bbox 819 3914 891 3976; x_wconf 89' lang='lat' dir='ltr'><strong>quae</strong></span> <span class='ocrx_word' id='word_1_229' title='bbox 915 3899 1059 3975; x_wconf 86' lang='lat' dir='ltr'><strong>potestas</strong></span> <span class='ocrx_word' id='word_1_230' title='bbox 1090 3889 1188 3972; x_wconf 89' lang='lat' dir='ltr'><strong>(unde</strong></span> 
     </span>
     <span class='ocr_line' id='line_1_31' title="bbox 174 3992 1188 4097; baseline -0.01 -23"><span class='ocrx_word' id='word_1_231' title='bbox 174 4006 336 4097; x_wconf 75' lang='lat' dir='ltr'><strong>Praepositi</strong></span> <span class='ocrx_word' id='word_1_232' title='bbox 358 3992 500 4075; x_wconf 86' lang='lat' dir='ltr'><strong>officium</strong></span> <span class='ocrx_word' id='word_1_233' title='bbox 515 4008 732 4095; x_wconf 86' lang='lat' dir='ltr'><strong>cognoscitur)</strong></span> <span class='ocrx_word' id='word_1_234' title='bbox 750 4007 820 4070; x_wconf 86' lang='lat' dir='ltr'><strong>haec</strong></span> <span class='ocrx_word' id='word_1_235' title='bbox 836 4002 917 4080; x_wconf 85' lang='lat' dir='ltr'><strong>erit3</strong></span> <span class='ocrx_word' id='word_1_236' title='bbox 944 4001 1086 4087; x_wconf 76' lang='lat' dir='ltr'><strong>primum</strong></span> <span class='ocrx_word' id='word_1_237' title='bbox 1102 4002 1188 4065; x_wconf 86' lang='lat' dir='ltr'><strong>Prae-</strong></span> 
     </span>
     <span class='ocr_line' id='line_1_32' title="bbox 174 4112 1189 4207; baseline -0.011 -22"><span class='ocrx_word' id='word_1_238' title='bbox 174 4121 291 4202; x_wconf 77' lang='lat' dir='ltr'><strong>positus</strong></span> <span class='ocrx_word' id='word_1_239' title='bbox 308 4121 477 4187; x_wconf 85' lang='lat' dir='ltr'><strong>Generalis</strong></span> <span class='ocrx_word' id='word_1_240' title='bbox 492 4143 550 4207; x_wconf 87' lang='lat' dir='ltr'><strong>per</strong></span> <span class='ocrx_word' id='word_1_241' title='bbox 566 4143 610 4201; x_wconf 89' lang='lat' dir='ltr'><strong>se,</strong></span> <span class='ocrx_word' id='word_1_242' title='bbox 626 4131 659 4184; x_wconf 88' lang='lat' dir='ltr'><strong>et</strong></span> <span class='ocrx_word' id='word_1_243' title='bbox 673 4140 732 4204; x_wconf 89' lang='lat' dir='ltr'><strong>per</strong></span> <span class='ocrx_word' id='word_1_244' title='bbox 747 4117 825 4182; x_wconf 82' lang='lat' dir='ltr'><strong>alios</strong></span> <span class='ocrx_word' id='word_1_245' title='bbox 841 4112 1009 4179; x_wconf 85' lang='lat' dir='ltr'><strong>admittere</strong></span> <span class='ocrx_word' id='word_1_246' title='bbox 1031 4112 1064 4176; x_wconf 92' lang='lat' dir='ltr'><strong>in</strong></span> <span class='ocrx_word' id='word_1_247' title='bbox 1086 4112 1189 4176; x_wconf 90' lang='lat' dir='ltr'><strong>domi-</strong></span> 
     </span>
    </p>
   </div>
   <div class='ocr_carea' id='block_1_6' title="bbox 1233 4324 1293 4448">
    <p class='ocr_par' dir='ltr' id='par_1_9' title="bbox 1233 4324 1293 4448">
     <span class='ocr_line' id='line_1_33' title="bbox 1233 4324 1293 4448; baseline 0 0"><span class='ocrx_word' id='word_1_248' title='bbox 1233 4324 1293 4448; x_wconf 73' lang='grc' dir='ltr'><strong><em>Δ</em></strong></span> 
     </span>
    </p>
   </div>
   <div class='ocr_carea' id='block_1_7' title="bbox 0 0 1328 4732">
    <p class='ocr_par' dir='ltr' id='par_1_10' title="bbox 0 0 1328 4732">
     <span class='ocr_line' id='line_1_34' title="bbox 0 0 1328 4732; baseline 0 1"><span class='ocrx_word' id='word_1_249' title='bbox 0 0 1328 4732; x_wconf 95' lang='lat' dir='ltr'><strong> </strong></span> 
     </span>
    </p>
   </div>
  </div>
 </body>
</html>
