2646 4732
434 339 527 384 rhus
551 342 714 389 Qunnrn.
1082 333 1122 389 45

39 509 73 565 18
95 503 184 567 Num
212 513 323 568 autem
354 504 417 585 his,
446 506 503 591 qui
531 507 601 593 jam
629 508 810 572 studiorum
835 531 967 574 suorum
994 533 1125 577 cursum

94 627 301 701 peregerunt,
316 617 491 703 praelegere
506 619 657 704 privatim
672 621 723 686 vel
742 621 872 707 publice
892 623 934 686 ad
956 645 1059 703 suam,
1075 624 1125 688 vel

95 728 231 792 aliorum
246 729 422 795 utilitatem
443 733 614 797 conveniat
625 759 634 812 3
664 756 765 818 penes
782 735 987 820 Superiorem
1008 736 1043 799 id
1065 737 1124 801 erit

90 841 265 925 judicium,
281 843 338 927 qui
354 845 442 929 quod
457 845 562 930 magis
576 845 611 908 in
626 847 771 912 Domino
787 849 938 935 expedire
953 848 1124 928 videbitur,

96 965 230 1020 statuet.

205 1252 254 1294 DE
273 1251 424 1298 SOHOLIS
442 1253 710 1300 COLLEGIORUM
729 1257 952 1302 socmrn'rm.

60 1488 72 1543 l
96 1481 251 1546 HnnrrA
266 1482 390 1548 ratione
405 1506 471 1548 non
488 1485 592 1549 solum
608 1487 773 1571 profectus
787 1487 822 1550 in
841 1485 958 1550 litteris
975 1486 1125 1551 Scholas-

95 1593 236 1657 ticorum
262 1605 458 1676 nostrorum,
486 1597 543 1662 sed
569 1598 665 1662 etiam
695 1599 860 1684 profectus
890 1599 925 1662 in
951 1598 1067 1663 litteris
1093 1610 1126 1663 et

96 1705 242 1770 moribus
265 1718 484 1788 externorum,
511 1731 593 1794 quos
617 1710 652 1773 in
678 1711 798 1775 nostris
818 1710 969 1796 Collegiis
995 1710 1126 1775 institu-

97 1820 198 1883 endos
231 1821 445 1907 suscepimus,
476 1822 603 1888 Scholae
633 1823 783 1909 publicae,
813 1823 870 1888 ubi
900 1824 1069 1888 commode
1092 1823 1126 1887 id

98 1931 165 1997 fieri
179 1932 313 2019 poterit,
329 1934 524 2020 aperiantur,
541 1936 655 2001 saltem
670 1935 705 1999 in
726 1935 906 2021 disciplinis
928 1935 1126 2000 humaniori·

98 2045 170 2110 bus.
216 2045 258 2109 In
282 2045 482 2132 gravioribus
497 2060 607 2112 autern
630 2046 809 2133 disciplinis
831 2070 891 2133 pro
912 2048 1069 2126 locorum,
1091 2048 1125 2111 in

102 2159 220 2245 quibus
252 2160 397 2247 Collegia
430 2162 562 2243 fuerint,
597 2162 733 2243 ratione,
771 2185 908 2247 semper,
945 2161 1025 2246 quid
1054 2162 1126 2226 Deo

101 2272 223 2358 gratius
239 2272 291 2352 sit,
307 2284 382 2338 ante
398 2273 509 2338 oculos
523 2274 685 2354 habendo,
701 2274 816 2361 aperiri
830 2281 994 2359 poterunt.

67 2385 263 2450 2Teneatur
287 2378 322 2450 in
345 2384 534 2472 hujusmodi
559 2387 686 2452 Scholis
713 2387 740 2451 is
765 2387 892 2466 modus,
918 2408 982 2471 quo
1003 2387 1127 2451 externi

103 2497 293 2563 Scholastici
313 2499 349 2562 in
371 2498 422 2578 iis,
437 2521 511 2585 quae
533 2500 575 2563 ad
597 2499 777 2564 doctrinam
793 2498 1013 2564 Christianam
1027 2499 1127 2584 perti-

102 2622 190 2690 nent,
212 2611 295 2676 bene
318 2611 551 2691 instituantur3
573 2619 768 2696 cureturque
790 2610 968 2696 quoadejus
984 2610 1053 2675 fieri
1069 2634 1127 2697 po-

103 2724 186 2805 terit,
208 2735 247 2788 ut
269 2727 402 2808 mapalis
425 2725 580 2790 mensibus
603 2727 648 2788 ad
662 2730 892 2789 casamentum
918 2725 1129 2807 confessionis

104 2837 268 2917 accedant,
283 2847 316 2902 et
329 2837 466 2902 verbum
482 2836 546 2901 Dei
567 2837 754 2920 frequenter
776 2835 920 2915 audiant,
940 2845 973 2900 et
995 2835 1127 2899 demum

104 2970 176 3012 cum
201 2948 319 3014 litteris
344 2971 451 3014 mores
477 2948 574 3013 etiam
599 2947 794 3013 Christianis
820 2947 936 3032 dignos
965 2946 1127 3010 hauriant.

104 3060 146 3124 Et
168 3060 245 3145 quia
263 3060 298 3125 in
321 3061 418 3126 rebus
440 3059 689 3146 particularibus
711 3059 852 3123 multum
874 3057 1037 3123 varietatis
1057 3080 1127 3122 esse

105 3174 276 3260 oportebit,
290 3197 350 3260 pro
365 3173 518 3239 varietate
532 3174 689 3253 locorum,
712 3183 745 3237 et
766 3192 978 3258 personarum
1001 3170 1129 3255 singula

105 3286 252 3373 persequi
275 3310 342 3352 non
365 3300 415 3352 est
436 3287 534 3375 hujus
556 3286 629 3351 loci.
675 3286 716 3350 ld
736 3297 845 3350 tamen
861 3283 985 3348 dietum
1001 3282 1042 3346 sit
1054 3308 1064 3361 3
1093 3283 1128 3346 in

105 3400 215 3483 quovis
239 3400 386 3485 Collegio
407 3399 546 3486 regulas,
570 3421 644 3485 quae
670 3399 712 3462 ad
736 3397 844 3462 omnia
866 3393 1047 3461 necessaria
1073 3394 1128 3458 de-

105 3513 270 3592 scendant,
286 3511 441 3576 constitui
462 3512 588 3576 debere.
635 3511 710 3575 Hoc
732 3521 843 3573 tamen
865 3507 1128 3573 commendatum

104 3624 162 3688 hoc
191 3625 265 3689 loco
295 3624 457 3705 volumus,
487 3647 528 3689 ne
559 3623 699 3697 externis
731 3620 938 3687 Scholasticis
965 3620 1129 3699 correctio,

106 3738 210 3822 quood
230 3737 295 3801 illis
318 3759 402 3823 opus
425 3737 496 3817 erit,
511 3739 612 3812 desit;
643 3758 716 3821 quae
738 3747 847 3800 tamen
866 3753 927 3816 per
944 3733 1077 3814 aliquem
1092 3733 1131 3796 de

105 3853 171 3934 ipsa
187 3852 349 3917 Societote
364 3853 536 3916 coercenda
551 3873 612 3915 non
628 3852 699 3915 erit.

66 3969 83 4026 3
105 3956 186 4029 C'um
202 3975 271 4029 tam
286 3963 456 4050 proprium
479 3964 521 4029 sit
544 3974 663 4029 nostrae
685 3959 905 4049 professionis,
920 3961 1038 4022 nullum
1054 3964 1130 4022 tem-

1164 4318 1252 4456 Ι·
