2646 4732
501 371 593 417 naas
618 372 780 423 nunnus.
1149 361 1191 420 59

166 538 276 623 quavis
293 537 334 602 ab
350 537 418 602 ullo
433 560 541 623 prore
557 539 669 622 quavis
689 540 723 603 in
746 540 890 625 ipsorum
912 539 1085 604 utilitatem
1108 542 1192 605 facta

165 653 308 738 accipere
345 652 514 737 permittat
525 676 535 731 3
572 655 819 735 quondoquidem
848 656 1013 735 premium
1049 661 1191 718 nostrum

163 768 246 830 solus
259 767 407 830 Christus
421 767 574 828 Dominus
587 766 688 846 juata
702 772 843 829 nostram
857 766 1043 829 Iastitatom
1061 770 1189 843 (merces

163 879 242 942 cuim
257 899 374 960 moqno
390 879 496 954 aima)
510 877 652 956 futurus
667 883 724 939 eat.

236 1133 286 1214 im
305 1171 366 1229 118,
384 1172 466 1219 QUAE
484 1170 696 1214 PERTINENT
712 1171 762 1212 AD
780 1171 895 1214 BONOS
913 1171 1046 1214 MORES.

127 1406 139 1461 l
161 1401 405 1463 Drniosurnn
421 1408 561 1478 curetur,
576 1409 614 1462 ut
636 1397 693 1482 qui
714 1397 838 1462 litteras
861 1398 1006 1462 discendi
1027 1399 1131 1484 gratia
1146 1399 1187 1463 ad

162 1510 399 1575 Universitates
427 1509 597 1574 Societatis
622 1531 656 1572 se
683 1509 865 1588 conferunt,
896 1509 993 1573 simul
1023 1532 1098 1573 cum
1124 1511 1186 1574 illis

160 1620 262 1686 honos
283 1643 322 1684 ac
341 1619 535 1685 Christianis
555 1620 671 1705 dignos
692 1642 796 1684 mores
820 1619 1008 1683 addiscant:
1036 1621 1077 1683 ad
1099 1622 1188 1704 quod

159 1732 301 1797 multum
333 1731 466 1817 juverit,
497 1731 524 1796 si
561 1753 672 1795 omnes
704 1731 839 1815 singulis
877 1731 990 1795 saltem
1020 1732 1186 1796 mensibus

161 1846 258 1909 semel
274 1845 317 1908 ad
332 1840 543 1908 confessionis
559 1854 796 1907 sacramentum
812 1844 986 1933 accedent,
1009 1844 1036 1907 si
1054 1844 1185 1908 missam
1200 1884 1202 1888 ·

161 1956 315 2041 quotidie,
331 1955 520 2020 concionem
541 1953 677 2040 singulis
701 1953 815 2017 diebus
837 1955 927 2018 festis
946 1955 1032 2036 (cum
1055 1977 1093 2018 ea
1115 1956 1182 2038 fiet)

162 2070 302 2134 audient.
348 2068 401 2132 Ex
419 2067 676 2153 Praeceptoribus
700 2079 808 2130 autem
833 2067 969 2151 quisque
991 2068 1054 2130 hoc
1077 2090 1095 2130 a
1118 2068 1185 2132 suis

161 2181 326 2268 discipulis
342 2180 489 2267 praestari
503 2179 638 2245 curabit.

127 2293 358 2379 tPraelegetur
383 2293 481 2357 etiam
504 2292 539 2355 in
571 2291 727 2377 Collegio,
754 2291 860 2376 aliquo
887 2290 939 2354 die
961 2290 1184 2377 cujuscunque

162 2405 382 2484 hebdomadae,
402 2401 587 2468 Christiana
607 2403 773 2479 doctrina3
795 2413 828 2465 et
848 2413 885 2465 ut
907 2402 1000 2487 pueri
1015 2424 1086 2466 eam
1101 2403 1185 2467 edis-

163 2528 244 2597 cant,
268 2526 302 2579 et
331 2514 479 2594 recitent,
509 2536 685 2599 omnesque
716 2513 813 2576 etiam
843 2513 1027 2593 adultiores,
1058 2515 1085 2578 si
1115 2514 1185 2579 ficri

162 2641 276 2714 potest,
291 2630 429 2693 eandem
444 2628 558 2708 sciant,
573 2627 748 2691 curabitur.

129 2747 144 2802 3
165 2741 344 2805 Habebitur
369 2739 466 2804 etiam
493 2739 629 2824 singulis
653 2737 865 2801 hebdomadis
895 2739 943 2821 (ut
966 2739 1005 2803 de
1031 2740 1183 2825 Collegiis

163 2864 208 2916 est
236 2852 373 2934 dictum)
407 2850 448 2914 ab
477 2850 585 2936 aliquo
616 2872 655 2914 ex
686 2848 892 2913 Scholasticis
923 2850 1112 2916 declamatio
1143 2853 1183 2916 de

162 2963 264 3043 rebus,
301 2985 375 3048 quae
412 2961 619 3026 audientibus
656 2959 861 3023 aedificationi
891 2960 966 3040 sint,
997 2985 1115 3047 eosque
1142 2964 1183 3026 ad

164 3085 370 3160 angmentum
400 3073 434 3136 in
465 3073 553 3136 omni
583 3071 723 3158 puritate
754 3093 790 3133 ac
819 3070 938 3135 virtute
964 3074 1181 3155 expetendum

163 3188 314 3254 invitente
347 3195 477 3252 utnon
503 3187 608 3252 solum
633 3186 736 3271 stylus
763 3196 965 3266 exerceatur3
996 3187 1053 3249 sed
1075 3209 1180 3252 mores

164 3302 303 3365 mehorcs
319 3300 506 3364 reddantur.
551 3299 677 3364 Omnes
701 3310 808 3361 autem
832 3321 897 3378 eos,
920 3299 976 3383 qui
997 3299 1095 3362 latine
1119 3300 1180 3362 sci-

163 3425 227 3493 unt,
241 3412 431 3498 hujusmodi
446 3411 670 3476 declamationi
685 3411 838 3478 interesse
855 3412 1025 3497 oportebit.

129 3524 200 3588 lln
221 3525 340 3590 scholis
361 3547 421 3588 nec
446 3524 642 3609 juramenta,
669 3547 728 3587 nec
755 3525 880 3610 injuriae
904 3524 1000 3588 verbo
1022 3523 1073 3587 vel
1093 3525 1178 3588 sacto

163 3635 265 3717 illatae,
279 3658 340 3700 nec
355 3636 565 3699 inhonestum
587 3647 643 3699 aut
666 3619 859 3700 dissolutum
883 3635 961 3720 quid
982 3636 1016 3698 in
1039 3638 1179 3701 externis

164 3748 199 3811 ad
226 3748 352 3813 scholas
383 3747 610 3811 accedentibus
645 3747 861 3831 permittatur.
907 3748 1040 3811 Feratur
1070 3761 1178 3814 autem

164 3859 396 3945 Praeceptorum
411 3858 581 3943 peculiaris
596 3858 733 3922 intentio
749 3871 816 3922 tam
832 3860 865 3922 in
884 3857 1087 3940 lectionibuS,
1104 3863 1178 3925 cbm

165 3992 193 4033 se
211 3970 335 4036 occasio
351 3970 515 4051 obtulerit,
532 3992 629 4054 quam
646 3982 735 4033 extra
751 3994 804 4034 eas
820 3971 860 4033 ad
883 3969 1013 4033 eosdem
1028 3973 1070 4035 ad
1085 3973 1177 4036 obse-

164 4084 268 4166 quium
286 4098 318 4149 et
346 4107 488 4149 amorem
509 4083 572 4148 Dei
593 4107 629 4148 ac
654 4083 823 4163 virtutum,
851 4083 967 4168 quibus
990 4085 1031 4147 Ei
1052 4085 1177 4169 placere
1269 4088 1272 4092 ’

1170 4340 1287 4448 Ι·
