2646 4732
187 333 228 394 92

201 2095 219 2150 5

201 2649 221 2706 6

560 349 887 396 consrtrurtorvutt

250 518 335 583 inter
354 518 442 603 ipsos
465 519 664 604 Superiores,
691 541 829 603 quorum
856 517 908 582 alii
933 517 1002 581 aliis
1025 517 1224 596 subduntur,
1248 529 1281 581 et

250 629 440 693 inferiorum
455 652 532 714 erga
546 631 618 694 illos
632 631 785 716 pertinet,
800 630 856 709 ita,
870 642 908 693 ut
932 628 1063 714 singuli,
1084 629 1142 713 qui
1162 629 1199 692 in
1222 629 1280 692 ali-

252 762 316 826 qua
331 742 428 805 domo
447 742 499 804 vel
515 741 659 828 Collegio
682 753 862 821 versantur,
885 742 927 804 ad
948 762 1045 805 suum
1062 740 1280 825 Praepositum

247 853 396 933 localem,
412 876 470 918 seu
485 855 657 918 Rectorem
671 865 849 932 recurrant,
864 864 897 916 et
911 875 970 938 per
984 874 1060 916 eum
1073 851 1108 915 in
1124 851 1278 916 omnibus

248 965 317 1050 regi
333 987 366 1028 se
382 965 500 1029 sinant.
545 965 604 1028 Eis
620 966 812 1055 autem,‚qui
833 987 892 1049 per
913 961 1112 1049 provinciam
1134 962 1278 1048 aliquam

249 1075 345 1140 variis
367 1076 402 1139 in
420 1076 499 1140 locis
524 1076 679 1161 disjuncti
702 1086 847 1154 manent,
868 1076 910 1138 ad
932 1073 1167 1139 Provincialem
1189 1076 1277 1139 Prae-

248 1189 404 1274 positum,
433 1189 485 1252 vel
514 1189 613 1252 alium
639 1188 774 1252 localem
804 1187 990 1252 viciniorem
1020 1186 1080 1250 erit
1108 1207 1276 1250 recurren-

248 1303 347 1381 dum3
380 1309 479 1387 prout
503 1302 548 1365 eis
572 1301 758 1386 injunctum
781 1301 889 1365 fuerit.
934 1299 1059 1364 Omnes
1084 1322 1161 1364 vero
1189 1300 1277 1364 Prae·

248 1414 346 1500 positi
361 1415 490 1493 locales,
505 1415 556 1478 vel
572 1415 726 1478 Rectores
750 1413 862 1477 crebra
882 1412 1177 1476 communicatione
1198 1435 1275 1476 cum

248 1526 440 1589 Provinciali
455 1537 600 1605 utantur,
616 1537 649 1590 et
666 1526 762 1611 juxta
783 1525 852 1610 ejus
876 1524 1044 1588 arbitrium
1065 1523 1100 1587 in
1123 1523 1274 1588 omnibus

240 1661 281 1714 ,se
308 1649 433 1723 gerant.
478 1638 604 1702 Eodem
630 1638 727 1702 modo
755 1635 925 1721 Praepositi
951 1635 1168 1700 Provinciales
1198 1658 1274 1700 curn

249 1750 400 1815 Generali
427 1773 461 1814 se
487 1750 666 1814 habebunt.
712 1750 766 1814 Sic
788 1749 887 1828 enim,
910 1748 1174 1814 subordinatione
1197 1771 1274 1813 con-

247 1873 383 1940 servata,
399 1861 489 1941 unio,
512 1884 585 1947 quae
608 1861 643 1925 in
668 1882 706 1924 ea
724 1882 823 1945 quam
845 1859 984 1924 maxime
1006 1859 1166 1940 consistit,
1188 1860 1274 1946 aspi-

245 1985 337 2038 rante
352 1973 456 2059 gratia
474 1973 548 2052 Dei,
564 1971 816 2037 conservabitur.

246 2086 355 2171 Siquis
378 2085 545 2150 divisionis
567 2085 618 2148 vel
634 2084 843 2149 dissensionis
859 2107 982 2164 eorum,
997 2086 1053 2169 qui
1067 2086 1133 2149 una
1146 2085 1272 2164 vivunt,

243 2197 329 2261 inter
344 2219 389 2276 se,
404 2198 456 2262 vel
471 2220 546 2260 cum
567 2219 626 2260 suo
643 2197 747 2282 capite
763 2207 857 2260 autor
872 2218 942 2260 esse
964 2207 1170 2276 cerneretur3
1201 2196 1273 2260 dili-

244 2309 433 2395 gentissime
455 2308 496 2371 ab
519 2330 557 2371 ea
580 2307 839 2393 congregatione
861 2308 950 2372 velut
972 2308 1085 2394 pestis,
1103 2330 1178 2393 quae
1202 2332 1271 2373 eam

244 2429 354 2506 potest
379 2441 583 2504 summopere
609 2419 751 2499 inficere,
778 2418 806 2482 si
828 2407 972 2508 praesens
1002 2418 1181 2484 remedium
1206 2443 1271 2484 non

243 2530 442 2610 adhibeatur,
462 2531 659 2614 separandus
675 2537 734 2594 est.
986 2530 988 2541 '

245 2642 297 2705 Ex
323 2652 416 2726 parte
443 2641 613 2726 Praepositi
636 2642 817 2721 Generalis,
843 2665 916 2726 quae
943 2643 984 2705 ad
1007 2644 1091 2706 hane
1115 2643 1271 2708 unionem

244 2753 427 2817 animorum
443 2754 620 2831 conferent,
636 2764 714 2816 sunt
729 2775 775 2817 eae
796 2754 899 2833 dotes,
915 2754 1033 2839 quibus
1052 2756 1101 2838 (ut
1122 2754 1158 2818 in
1180 2776 1271 2820 nona

241 2876 334 2950 parte
351 2863 486 2947 dicetur)
510 2887 586 2928 eum
608 2865 755 2928 exornari
777 2877 926 2950 oportet3
949 2865 1067 2949 quibus
1089 2888 1165 2930 cum
1186 2888 1271 2951 prae-

243 2976 331 3041 ditus
346 2977 454 3056 fuerit,
470 2999 546 3062 erga
561 2977 669 3040 omnia
683 2978 829 3041 membra
844 2977 1014 3042 Societatis
1037 3001 1095 3042 suo
1116 2979 1271 3065 fungetur

242 3090 358 3169 officio,
374 3090 489 3175 eapitis
504 3089 663 3168 videlicet,
679 3111 777 3174 aquo
798 3090 833 3152 in
854 3090 942 3153 illam
964 3090 1107 3155 influxus
1130 3092 1173 3154 ad
1187 3113 1270 3177 prae-

243 3204 346 3266 fixum
361 3202 424 3288 ipsi
439 3204 539 3266 linem
554 3203 752 3266 necessarius
764 3203 958 3266 descendat:
982 3215 1015 3267 et
1031 3204 1076 3268 sic
1085 3227 1105 3267 a
1117 3204 1270 3269 Generali

243 3314 433 3400 Praeposit0,
455 3326 493 3378 ut
515 3337 534 3378 a
556 3315 674 3400 eapite,
695 3314 846 3378 universa
866 3315 1003 3379 facultas
1020 3315 1269 3380 Provincialium

242 3425 436 3511 egrediatur,
453 3448 489 3489 ac
504 3448 562 3511 per
577 3448 632 3489 eos
647 3426 689 3488 ad
704 3426 850 3506 Locales,
865 3449 924 3512 per
937 3427 998 3491 hos
1014 3439 1123 3491 autem
1145 3427 1188 3492 ad
1203 3428 1269 3492 sin·

242 3539 369 3625 gulares
385 3561 540 3624 personas
557 3538 752 3602 descendat:
777 3539 822 3602 sic
842 3539 939 3604 etiam
962 3540 1003 3603 ab
1026 3541 1140 3604 eodem
1163 3540 1268 3626 capite

246 3650 308 3732 (vel
331 3651 417 3714 certe
444 3672 481 3713 eo
509 3671 601 3713 suam
624 3651 811 3714 facultatem
841 3651 1112 3731 communicante,
1142 3663 1175 3716 et
1200 3675 1268 3716 rem

242 3761 454 3847 approbante)
478 3760 648 3824 missiones
670 3763 858 3847 procedant.
903 3763 954 3826 De
977 3762 1269 3828 communicatione

244 3873 420 3958 gratimum
437 3873 607 3939 societatis
623 3875 816 3938 tantundem
840 3874 882 3938 sit
904 3875 1038 3940 dictum.
1085 3877 1161 3944 Quo
1183 3877 1269 3942 enim

243 3983 347 4069 magis
378 3984 543 4048 inferiores
574 4006 593 4047 a
622 3983 689 4048 suis
721 3985 948 4070 Superioribus
977 3987 1195 4072 pendebunt3
1232 4011 1269 4052 eo

242 4097 358 4162 melius
374 4119 464 4162 amor
478 4096 669 4162 obedientiae
685 4107 781 4183 atque
796 4099 874 4164 unio
889 4100 974 4165 inter
989 4123 1043 4165 eos
1058 4100 1259 4166 retinebitur.
