2646 4732
495 345 588 389 naas
613 346 784 391 sarman.
1154 341 1193 398 85

174 509 446 593 consequendum,
463 511 662 597 Praepositus
675 513 855 595 Generalis,
870 513 945 579 clun
960 538 1064 582 novus
1077 517 1200 584 Christi

174 619 317 686 Vinarius
343 621 378 686 in
402 624 593 710 Apostolioa
615 627 691 690 sede
715 628 813 692 fuerit
835 629 1046 710 constitutus,
1071 653 1131 717 per
1153 655 1198 711 se,

171 732 222 796 vel
234 754 294 818 per
308 734 407 798 alium
423 734 509 799 intra
523 759 646 801 annum
662 739 703 802 ab
718 738 788 825 ejus
811 741 971 806 creatione
991 753 1025 806 et
1040 745 1200 808 coronati-

170 867 230 909 one
252 853 403 912 teneatur
424 848 494 934 ejus
520 850 693 915 Sanctitati
714 853 874 918 declarare
896 855 1141 940 professionem,
1161 879 1199 922 ac

169 958 416 1042 promissionem
439 984 624 1047 expressam
640 963 856 1045 Obedientiae,
879 988 952 1050 quae
974 966 1037 1053 ipsi
1053 968 1197 1033 Societas

167 1071 321 1154 peculiari
335 1084 413 1138 voto
428 1073 513 1138 circa
527 1075 698 1141 missiones
715 1079 757 1141 ad
772 1078 836 1142 Dei
856 1079 991 1164 gloriam
1007 1103 1041 1145 se
1057 1081 1197 1147 obstn'n-

165 1181 222 1247 xit.

255 1563 303 1606 DE
320 1563 559 1608 MISSIONIBUS
577 1566 796 1611 sUPEmolrls
815 1568 1035 1615 socmTA‘rts.

560 1681 658 1746 CAP.
682 1683 730 1747 11.

127 1823 141 1878 1
165 1816 245 1882 Quo
262 1816 425 1903 spirituali
439 1818 620 1882 animarum
636 1821 821 1885 necessitati
844 1823 1009 1888 subveniri
1031 1825 1143 1890 multis
1158 1827 1193 1892 in

162 1929 240 1994 locis
255 1930 370 2016 majori
385 1953 460 1994 cum
475 1931 640 2012 facultate,
656 1955 693 1997 ac
709 1934 880 1998 securitate
896 1958 1018 2016 eorum,
1031 1938 1087 2022 qui
1102 1940 1144 2002 ad
1159 1939 1193 2004 id

162 2041 281 2106 fuerint
304 2043 469 2125 destinati,
484 2045 588 2130 possit
597 2071 607 2124 3
632 2045 801 2131 Praepositi
818 2047 993 2113 Generales
1010 2049 1191 2132 societatis,

157 2153 251 2239 juxta
264 2156 453 2220 facultatem
470 2155 515 2221 eis
537 2178 556 2220 a
577 2180 705 2221 summo
723 2158 880 2222 Pontifice
903 2182 1101 2241 concessam,
1116 2164 1192 2227 mit-

162 2278 227 2331 tere
252 2268 385 2353 quosvis
416 2270 456 2333 de
484 2270 644 2335 Societate
674 2283 840 2357 poterunt,
867 2295 1062 2359 quocunque
1086 2276 1191 2362 magis

161 2382 310 2467 expedire
339 2381 555 2468 judicabunt3
578 2383 634 2469 qui
653 2391 764 2448 tamen
785 2385 972 2471 ubicunque
995 2387 1127 2468 suerint,
1148 2390 1190 2453 ad

160 2493 375 2560 obedientiam
405 2496 490 2560 sedis
520 2496 717 2582 Apostolicae
746 2499 851 2583 parati
888 2511 993 2564 erunt.
1038 2500 1084 2564 Et
1114 2502 1190 2586 quia

161 2607 343 2692 complures
365 2620 453 2688 sunt,
475 2608 531 2692 qui
553 2609 678 2694 aliquos
700 2631 739 2673 ex
759 2608 879 2673 nostris
899 2610 960 2674 sibi
982 2613 1116 2677 concedi
1131 2638 1189 2700 pe-

159 2732 239 2803 tant,
262 2724 374 2809 potius
396 2724 536 2810 propriae
558 2724 764 2809 obligationis
792 2724 968 2811 spiritualis
993 2749 1069 2813 erga
1091 2752 1188 2794 suum

158 2857 300 2921 gregem,
317 2836 369 2900 vel
390 2836 526 2902 aliorum
547 2837 792 2900 commodorum
812 2859 832 2900 a
855 2838 920 2901 fine
946 2847 1058 2904 nostro
1082 2842 1186 2928 magis

159 2947 348 3013 distantium
362 2949 487 3014 ratione
502 2949 624 3030 habita,
640 2950 738 3034 quam
753 2949 977 3013 communium
1001 2963 1033 3015 et
1056 2953 1185 3019 univer-

158 3060 291 3142 salium3
314 3061 513 3148 Praepositus
531 3061 710 3140 Generalis,
724 3061 776 3126 vel
791 3062 847 3147 qui
862 3062 903 3125 ab
919 3085 956 3128 eo
980 3062 1065 3126 hanc
1080 3066 1184 3131 habu·

159 3174 216 3238 erit
243 3175 446 3260 facultatem,
474 3174 646 3259 diligenter
681 3173 716 3237 in
753 3173 941 3259 hujusmodi
969 3175 1182 3243 missionibus

159 3299 256 3368 curet,
271 3299 309 3353 ut
323 3287 359 3351 in
375 3287 442 3353 suis
457 3287 499 3351 ad
513 3287 598 3350 hanc
618 3285 739 3372 potius,
762 3309 860 3371 quam
883 3288 925 3350 ad
945 3286 1033 3354 illam
1055 3301 1181 3374 partem

157 3401 333 3481 mittendis,
350 3408 383 3465 et
401 3402 442 3465 ad
463 3402 526 3465 hoc
549 3422 632 3486 opus
650 3399 771 3485 potius,
792 3421 891 3488 quam
913 3402 955 3465 ad
976 3401 1068 3481 illud,
1089 3410 1122 3471 et
1143 3412 1181 3467 ut

157 3514 237 3579 hano
257 3537 431 3601 personam
449 3513 571 3600 potius,
591 3535 689 3597 quam
711 3489 808 3575 illam*
819 3513 941 3593 mittat,
963 3515 1036 3595 hoc,
1051 3516 1103 3579 vel
1124 3517 1179 3582 illo

156 3630 258 3710 mod0,
274 3629 316 3693 ad
331 3627 498 3714 prolixius,
512 3626 565 3691 vel
578 3625 708 3690 brevius
724 3637 864 3711 tempus,
880 3626 915 3690 id
937 3649 1073 3713 semper,
1090 3631 1179 3714 quod

158 3742 195 3805 ad
218 3741 324 3827 majus
354 3741 419 3806 Dei
448 3739 640 3824 obsequium
670 3749 703 3802 ct
728 3738 852 3802 bonum
877 3739 1060 3804 ,universale
1090 3741 1178 3822 facit,

158 3865 322 3919 statuatur.
368 3853 454 3919 Cum
484 3854 545 3916 hac
575 3872 651 3937 ergo
677 3850 856 3915 rectissima
885 3874 922 3915 ac
953 3853 1179 3936 syncerissima

157 3964 329 4032 intentione
355 3965 390 4030 in
415 3964 478 4029 Dei
504 3987 541 4028 ac
560 3963 696 4029 Domini
719 3962 823 4028 nostri
842 3975 1017 4049 conspectu
1045 3966 1178 4048 habita3

157 4085 195 4158 et,
210 4079 236 4143 si
251 4079 280 4144 ei
294 4077 469 4157 videbitur,
484 4088 618 4163 propter
632 4074 871 4140 deliberationis
887 4074 1110 4140 difficultatem
1125 4077 1177 4144 vel

606 4208 627 4252 a
