2646 4732
114 327 174 384 ]08
487 344 812 390 consnrnnrronnu

179 509 251 589 bus,
266 511 318 573 vel
334 510 497 596 Collegii8‚
512 513 563 576 vel
584 513 770 598 ubicunque
792 512 901 591 libeat,
922 510 1043 597 poterit
1066 533 1132 592 eos,
1148 510 1204 597 qui

179 622 220 684 ad
243 621 431 691 institutum
452 624 621 688 Societatis
643 625 673 688 ei
698 625 805 688 idonei
827 623 1043 704 videbuntur3
1077 624 1144 687 sive
1163 624 1204 687 ad

176 733 412 816 probationem,
428 735 493 798 sive
516 737 557 798 ad
578 735 821 821 professionem,
845 735 911 798 sive
933 735 968 798 in
985 734 1200 821 Coadjutores

177 843 342 924 formatos,
357 845 409 908 vel
432 846 647 910 Scholasticos
670 846 865 931 approbatos
887 843 1106 909 admittendos
1128 867 1204 909 cen-

179 966 258 1020 seat.
304 957 426 1021 Poterit
441 957 538 1021 etiam
554 959 683 1021 eosdem
699 957 872 1037 dimittere,
888 969 920 1023 et
942 979 962 1020 a
977 957 1139 1022 Societate
1155 979 1203 1020 re-

179 1090 317 1132 movere.

136 1187 156 1246 2
179 1179 337 1266 Ejusdem
353 1182 423 1259 erit,
439 1204 520 1266 quos
541 1181 716 1245 mittendos
735 1180 938 1266 judicaverit,
954 1189 987 1244 et
1009 1182 1204 1266 quiscunque

180 1293 276 1371 volet,
297 1294 338 1356 ad
360 1293 468 1357 studia
490 1292 669 1356 litterarum
689 1293 828 1357 mittere.
874 1292 997 1357 Poterit
1020 1303 1052 1356 et
1075 1292 1205 1356 eosdem

180 1427 327 1470 revocare
351 1416 436 1484 ante,
452 1416 485 1469 et
506 1417 588 1490 post
604 1404 752 1469 absoluta
774 1405 892 1484 studia,
908 1425 945 1468 ac
968 1404 1142 1468 transferre
1165 1403 1205 1467 ab

181 1539 247 1580 uno
269 1517 303 1579 in
328 1517 426 1580 alium
449 1516 568 1594 locum,
588 1523 685 1600 prout
707 1517 749 1579 ad
771 1516 916 1601 ipsorum
935 1515 1142 1602 particulare,
1156 1514 1208 1580 vel

182 1630 222 1692 ad
238 1629 415 1692 universale
435 1629 558 1692 bonum
575 1627 744 1692 Societatis
767 1628 871 1713 magis
893 1628 1064 1692 convenire
1087 1628 1122 1692 in
1138 1628 1207 1691 Do-

181 1745 270 1809 mino
285 1744 492 1810 existimabit.

138 1857 297 1920 3Totam
327 1856 458 1920 habebit
496 1856 839 1942 superintendentiam,
869 1866 901 1922 et
939 1856 1208 1943 gubernationem

184 1968 419 2054 Collegiorum3
446 1971 534 2054 quod
554 1970 595 2033 ad
618 1971 845 2051 Scholasticos‚
866 1983 898 2035 et
922 1973 1154 2056 Praeceptorcs,
1177 1981 1210 2033 et

185 2081 347 2145 Officiales
372 2082 488 2145 attinet
500 2108 509 2161 3
541 2082 625 2145 inter
649 2105 730 2167 quos
754 2083 875 2168 primas
899 2095 1012 2147 tenent
1033 2083 1210 2160 Rectores3

183 2216 264 2277 quos
280 2193 487 2270 constituere,
497 2215 534 2256 ac
549 2216 712 2257 removere
728 2195 859 2279 poterit,
870 2215 1006 2279 eamque
1020 2193 1212 2256 facultatem

185 2305 305 2368 eisdem
330 2304 579 2384 communicare,
610 2327 707 2388 quam
738 2305 873 2368 senserit
903 2305 938 2368 in
962 2303 1106 2368 Domino
1132 2317 1213 2367 'con-

185 2417 312 2495 venire3
349 2423 382 2479 et
407 2439 466 2501 per
495 2415 682 2501 hujusmodi
713 2417 867 2481 Rectores
898 2415 1213 2480 administrationem

187 2528 405 2613 collegiorum
428 2528 589 2593 exercebit
612 2529 646 2591 in
672 2528 723 2608 iis,
744 2551 817 2612 quae
841 2529 882 2592 ad
904 2528 1049 2608 aedificia,
1072 2538 1105 2591 et
1127 2538 1213 2591 tem-

184 2640 305 2726 poralia
333 2639 478 2723 ipsorum
507 2639 594 2702 bona
622 2640 656 2702 in
688 2639 964 2704 Scholasticorum
994 2662 1092 2703 usum
1122 2661 1213 2703 com-

184 2761 296 2836 parata
311 2751 493 2835 pertinent3
515 2762 552 2813 ut
567 2751 602 2813 in
616 2750 732 2814 litteris
747 2751 944 2835 Apostolicis
960 2751 1157 2815 continetur.

142 2872 163 2926 4
187 2861 323 2927 Curabit
343 2861 450 2940 etiem,
470 2873 508 2924 ut
527 2861 574 2924 illi
597 2862 755 2926 rationem
782 2862 878 2926 officii
899 2862 949 2926 sui
967 2884 1005 2925 eo
1026 2861 1135 2940 modo,
1156 2861 1214 2945 qui

187 2973 356 3038 convenire
371 2972 510 3036 maxime
524 2972 696 3052 videbitur,
710 2973 859 3037 reddant.
904 2973 948 3036 Et
964 2973 1053 3057 quod
1078 2972 1118 3036 de
1136 2971 1213 3036 Col-

185 3084 277 3170 legiis
308 3084 436 3161 dicitur,
467 3084 506 3147 de
531 3083 805 3148 Universitatibus
832 3083 1000 3148 Societatis
1031 3082 1101 3168 ejus
1125 3104 1213 3147 curae

189 3196 368 3261 commissis
391 3196 515 3259 dictum
536 3195 745 3280 intelligatur.
797 3196 862 3259 Res
885 3195 1114 3274 emmenum,
1139 3216 1213 3279 quae

188 3312 229 3375 ad
246 3311 320 3374 vitae
347 3331 384 3372 ac
410 3309 564 3372 doctrinae
590 3308 828 3373 institutionem
854 3309 1029 3395 pertinent,
1054 3307 1212 3372 adminis-

189 3437 283 3502 trare,
299 3421 469 3507 Praepositi
486 3421 653 3485 Generalis
668 3444 789 3485 munus
805 3422 885 3501 erit3
908 3423 996 3507 quod
1017 3443 1076 3506 per
1092 3419 1215 3485 Minis-

190 3549 257 3600 tros
273 3558 291 3598 a
307 3557 339 3598 se
357 3533 453 3618 juxta
468 3520 725 3598 constitutiones
741 3534 935 3598 constitutos
950 3532 1121 3597 exercebit.

148 3658 166 3713 5
192 3649 264 3712 Erit
286 3648 364 3712 item
386 3668 487 3731 penes
503 3646 717 3730 Praepositum
735 3646 928 3710 Generalem
950 3645 1056 3709 omnis
1076 3645 1216 3708 'facultas

191 3759 307 3845 agendi
330 3757 460 3843 quosvis
472 3768 667 3834 (contractus
687 3758 890 3843 emptionum
913 3764 969 3820 aut
990 3755 1217 3820 venditionum

194 3869 411 3955 quorumlibet
433 3869 593 3933 bonorum
616 3869 841 3954 temporalium
864 3868 1034 3933 mobilium
1057 3878 1124 3931 tam
1148 3867 1219 3930 Do·

191 4003 330 4059 morum,
353 4003 449 4065 quarn
467 3980 683 4065 Collegiorum
706 3979 886 4057 Societatis,
909 3961 941 4043 et
963 3977 1165 4064 imponendi,
1182 3999 1219 4042 ac

192 4092 371 4159 redimendi
393 4091 554 4176 quoslibet
576 4114 692 4156 census
715 4114 812 4177 super
826 4091 921 4155 bonis
937 4089 1107 4154 stabilibus
1130 4088 1220 4175 ipso-
