2646 4732
491 350 802 407 ricaurrousrmss.
1086 332 1156 403 177
1241 381 1244 388 .

83 534 105 581 ι
172 511 286 612 lingens
307 515 355 588 ab
377 514 455 590 aliis
478 517 635 591 multum
657 517 830 615 accipere,
849 517 930 615 plus
948 514 1155 590 notabiliter

168 637 307 738 accipiat,
322 639 545 738 obligabitur
557 665 741 715 excessum
754 640 961 714 restituere:
978 638 1047 712 nisi
1058 636 1153 712 forte

96 756 105 824 t
165 784 197 832 er
222 761 495 837 circumstantiis
533 764 682 861 colligat
718 788 794 836 esse
827 763 1012 838 hberul'em
1045 762 1155 836 dona·

163 888 278 965 tionem
294 890 429 977 amasii,
446 915 556 989 quam
566 915 638 988 ego
655 902 744 964 tunc
754 890 878 964 adesse
890 913 1155 988 praesumerem,

160 1011 289 1108 quandd
309 1013 340 1087 is
357 1025 485 1113 sponte
508 1024 547 1088 et
562 1039 635 1088 non
656 1024 803 1087 exactus
822 1014 845 1087 d
860 1013 1058 1099 meretrice,
1075 1023 1154 1085 tan·

157 1143 217 1210 tarn
241 1137 301 1210 vel
334 1148 475 1212 tantam
500 1136 702 1211 mercedem
723 1136 937 1235 porrigeret.
990 1135 1048 1209 De
1072 1159 1155 1234 pro-

152 1259 305 1333 missione
334 1260 438 1334 nimis
464 1261 631 1359 prodigi,
660 1259 740 1334 vide
769 1286 849 1359 quae
880 1258 965 1346 dixi,
997 1283 1074 1332 cum
1107 1257 1153 1332 de

146 1383 522 1482 duramento—(Md.
548 1410 581 1459 n.
597 1384 671 1481 24.)

189 1508 241 1581 At
253 1507 341 1584 verb
357 1507 502 1585 foemina
514 1510 665 1583 honesta
676 1521 798 1608 potest
815 1521 939 1609 petere
958 1521 995 1583 et
1012 1532 1152 1582 sumere

139 1630 320 1730 quantdm
347 1631 379 1704 ei
408 1632 537 1730 placet.
604 1633 712 1706 Ratio
742 1646 809 1720 est,
843 1634 929 1733 quia
956 1635 994 1706 in
1027 1632 1082 1706 his
1115 1641 1154 1705 et

134 1752 314 1827 similibus
342 1755 461 1842 rebus,
495 1782 574 1854 quae
603 1757 722 1856 pretio
753 1769 892 1832 statuto
921 1756 978 1830 vel
1011 1751 1153 1850 vulgari

134 1888 275 1964 carent,
302 1878 395 1952 tanti
420 1905 477 1953 res
505 1892 628 1979 potest
651 1880 768 1965 vendi,
796 1879 922 1980 quanti
953 1903 1032 1952 eam
1062 1875 1153 1951 aesti-

130 2015 215 2077 mat
231 2003 295 2103 qui
316 2003 458 2088 vendit;
490 2015 529 2078 at
550 2005 671 2103 puella
693 2005 844 2077 honesta
865 2003 1011 2102 plurimi
1030 2012 1152 2101 potest

128 2152 242 2202 suam
268 2128 495 2203 honestatem
525 2129 710 2203 estimare.
762 2128 871 2201 Unde
897 2127 1007 2215 vides,
1039 2150 1152 2201 mere·

128 2252 280 2340 tricem,
309 2251 354 2324 de
370 2254 444 2350 qub
460 2276 549 2326 nuru.
561 2253 723 2350 praeced.
742 2252 813 2326 fuit
828 2252 975 2339 locutio,
991 2250 1151 2348 potuisse

127 2376 242 2450 initio
255 2402 329 2452 suae
340 2377 605 2475 prostitutionis
617 2379 700 2476 plus
719 2377 897 2476 accipere:
916 2386 955 2450 at
967 2374 1030 2449 ubi
1047 2384 1151 2448 tanto

129 2501 195 2575 vel
208 2511 314 2575 tanto
335 2500 452 2599 pretio
477 2501 704 2576 honestatem
727 2527 828 2575 suam
846 2498 1045 2587 aestimavit,
1066 2497 1151 2572 huic

132 2623 365 2699 aetimationi
394 2625 505 2699 debet
537 2637 650 2711 stare;
688 2623 803 2712 secds,
836 2623 1008 2698 venderet
1041 2619 1152 2719 suprir

130 2750 422 2825 estimationem.
476 2751 565 2826 Haee
588 2777 632 2825 ex
654 2751 711 2824 De
738 2751 855 2849 Lugo.
910 2748 1042 2821 Fateor
1059 2746 1152 2820 hanc

132 2875 404 2950 distinctionem
427 2902 501 2950 esse
529 2877 768 2975 probabilem;
798 2874 1053 2975 sedquoniam
1078 2898 1151 2946 non

128 3000 382 3101 improbabilis
399 3012 455 3075 est
476 2999 655 3076 sententia
672 3056 725 3074 ...
745 2998 864 3075 dicens
883 2999 921 3072 in
945 3000 1052 3072 rebus
1069 3021 1149 3094 quae

131 3149 210 3200 non
227 3137 312 3200 sunt
328 3126 438 3200 victui
456 3151 497 3200 ec
513 3124 671 3211 vestitui,
697 3134 734 3197 et
757 3123 813 3196 his
836 3121 1008 3196 similibus
1032 3143 1152 3194 neces-

131 3251 251 3341 sariae,
274 3250 471 3349 quemlibet
493 3274 692 3349 passerem
714 3273 816 3321 suam
833 3245 999 3332 vendere,
1022 3243 1150 3343 quanti

133 3373 212 3448 sine
229 3371 357 3446 fraude
381 3382 520 3471 potest:
548 3371 607 3444 Sic
625 3370 720 3445 enim
738 3369 945 3444 conceditur
961 3366 1150 3455 falconem,

131 3523 263 3573 canem
279 3497 494 3583 venaticum,
520 3519 701 3594 gemmam
726 3494 820 3566 tanti
845 3492 997 3566 vendere
1023 3489 1151 3589 quanti

133 3619 216 3718 quis
242 3631 385 3718 potest3
417 3619 502 3719 quia
530 3619 606 3692 haec
635 3629 719 3691 sunt
746 3617 792 3691 ad
819 3616 974 3703 delicias,
988 3640 1074 3688 -non
1104 3613 1150 3686 ad

136 3743 396 3817 necessitatem.
449 3743 526 3816 Cur
559 3740 728 3815 etiamid
754 3766 826 3814 non
853 3739 900 3815 sit
923 3738 1150 3813 sentiendum

137 3864 182 3937 de
216 3864 416 3951 meretrice,
450 3889 530 3963 quae
564 3889 670 3937 usum
699 3865 876 3937 actualem
908 3863 963 3937 sui
993 3861 1150 3960 corporis

140 3989 234 4078 velit,
256 3988 340 4063 huic
354 3988 470 4074 vilius,
490 3987 574 4060 huic
598 3988 728 4074 carius,
741 3998 783 4061 ut
800 3988 833 4061 ei
848 3988 949 4074 libet,
976 3988 1051 4060 sine
1065 3985 1150 4060 dolo

142 4113 312 4187 vendere?
363 4110 498 4186 Addidi
532 4110 624 4206 (sine
658 4110 757 4206 dolo)
787 4136 872 4185 nam
901 4111 930 4187 si
952 4108 1150 4184 mendaciis
