<?xml version="1.0" encoding="UTF-8"?>
<!DOCTYPE html PUBLIC "-//W3C//DTD XHTML 1.0 Transitional//EN"
    "http://www.w3.org/TR/xhtml1/DTD/xhtml1-transitional.dtd">
<html xmlns="http://www.w3.org/1999/xhtml" xml:lang="en" lang="en">
 <head>
  <title>
</title>
<meta http-equiv="Content-Type" content="text/html;charset=utf-8" />
  <meta name='ocr-system' content='tesseract 3.04.00' />
  <meta name='ocr-capabilities' content='ocr_page ocr_carea ocr_par ocr_line ocrx_word'/>
</head>
<body>
  <div class='ocr_page' id='page_1' title='image "./constitutioness00unkngoog_0081.png"; bbox 0 0 2646 4732; ppageno 0'>
   <div class='ocr_carea' id='block_1_1' title="bbox 494 347 818 393">
    <p class='ocr_par' dir='ltr' id='par_1_1' title="bbox 494 347 818 393">
     <span class='ocr_line' id='line_1_1' title="bbox 494 347 818 393; baseline 0.003 -2"><span class='ocrx_word' id='word_1_1' title='bbox 494 347 818 393; x_wconf 72' lang='lat' dir='ltr'><strong>consrlrurlonuu</strong></span> 
     </span>
    </p>
   </div>
   <div class='ocr_carea' id='block_1_2' title="bbox 136 511 1206 2951">
    <p class='ocr_par' dir='ltr' id='par_1_2' title="bbox 179 511 1206 934">
     <span class='ocr_line' id='line_1_2' title="bbox 179 511 1206 593; baseline 0.006 -16"><span class='ocrx_word' id='word_1_2' title='bbox 179 511 296 577; x_wconf 88' lang='lat' dir='ltr'><strong>sacello</strong></span> <span class='ocrx_word' id='word_1_3' title='bbox 311 511 438 592; x_wconf 91' lang='lat' dir='ltr'><strong>domus,</strong></span> <span class='ocrx_word' id='word_1_4' title='bbox 454 519 511 576; x_wconf 91' lang='lat' dir='ltr'><strong>aut</strong></span> <span class='ocrx_word' id='word_1_5' title='bbox 525 512 587 576; x_wconf 89' lang='lat' dir='ltr'><strong>alio</strong></span> <span class='ocrx_word' id='word_1_6' title='bbox 602 513 731 578; x_wconf 87' lang='lat' dir='ltr'><strong>decenti</strong></span> <span class='ocrx_word' id='word_1_7' title='bbox 746 514 830 593; x_wconf 88' lang='lat' dir='ltr'><strong>loco,</strong></span> <span class='ocrx_word' id='word_1_8' title='bbox 846 535 954 579; x_wconf 89' lang='lat' dir='ltr'><strong>coram</strong></span> <span class='ocrx_word' id='word_1_9' title='bbox 969 515 1158 582; x_wconf 72' lang='lat' dir='ltr'>domesticis</span> <span class='ocrx_word' id='word_1_10' title='bbox 1173 531 1206 583; x_wconf 90' lang='lat' dir='ltr'><strong>et</strong></span> 
     </span>
     <span class='ocr_line' id='line_1_3' title="bbox 179 623 1206 712; baseline 0.007 -24"><span class='ocrx_word' id='word_1_11' title='bbox 179 623 331 703; x_wconf 86' lang='lat' dir='ltr'><strong>externis,</strong></span> <span class='ocrx_word' id='word_1_12' title='bbox 353 623 410 709; x_wconf 90' lang='lat' dir='ltr'><strong>qui</strong></span> <span class='ocrx_word' id='word_1_13' title='bbox 432 625 580 704; x_wconf 88' lang='lat' dir='ltr'><strong>aderunt,</strong></span> <span class='ocrx_word' id='word_1_14' title='bbox 600 625 636 688; x_wconf 94' lang='lat' dir='ltr'><strong>in</strong></span> <span class='ocrx_word' id='word_1_15' title='bbox 655 626 805 690; x_wconf 74' lang='lat' dir='ltr'><strong>manibus</strong></span> <span class='ocrx_word' id='word_1_16' title='bbox 824 625 906 711; x_wconf 88' lang='lat' dir='ltr'><strong>ejus,</strong></span> <span class='ocrx_word' id='word_1_17' title='bbox 924 627 982 712; x_wconf 91' lang='lat' dir='ltr'><strong>qui</strong></span> <span class='ocrx_word' id='word_1_18' title='bbox 1005 628 1206 695; x_wconf 77' lang='lat' dir='ltr'>admissurus</span> 
     </span>
     <span class='ocr_line' id='line_1_4' title="bbox 179 737 1206 827; baseline 0.007 -26"><span class='ocrx_word' id='word_1_19' title='bbox 179 737 233 816; x_wconf 91' lang='lat' dir='ltr'><strong>sit,</strong></span> <span class='ocrx_word' id='word_1_20' title='bbox 247 747 361 801; x_wconf 91' lang='lat' dir='ltr'><strong>votum</strong></span> <span class='ocrx_word' id='word_1_21' title='bbox 381 757 477 801; x_wconf 90' lang='lat' dir='ltr'><strong>suum</strong></span> <span class='ocrx_word' id='word_1_22' title='bbox 493 737 644 802; x_wconf 88' lang='lat' dir='ltr'><strong>emittent</strong></span> <span class='ocrx_word' id='word_1_23' title='bbox 662 738 697 802; x_wconf 92' lang='lat' dir='ltr'><strong>in</strong></span> <span class='ocrx_word' id='word_1_24' title='bbox 717 738 778 802; x_wconf 90' lang='lat' dir='ltr'><strong>hac</strong></span> <span class='ocrx_word' id='word_1_25' title='bbox 793 739 943 819; x_wconf 85' lang='lat' dir='ltr'><strong>formula,</strong></span> <span class='ocrx_word' id='word_1_26' title='bbox 959 761 1033 824; x_wconf 88' lang='lat' dir='ltr'><strong>quae</strong></span> <span class='ocrx_word' id='word_1_27' title='bbox 1049 747 1206 827; x_wconf 84' lang='lat' dir='ltr'><strong>sequitur,</strong></span> 
     </span>
     <span class='ocr_line' id='line_1_5' title="bbox 179 849 391 934; baseline 0.005 -22"><span class='ocrx_word' id='word_1_28' title='bbox 179 849 213 912; x_wconf 92' lang='lat' dir='ltr'><strong>id</strong></span> <span class='ocrx_word' id='word_1_29' title='bbox 227 849 391 934; x_wconf 83' lang='lat' dir='ltr'><strong>legentes3</strong></span> 
     </span>
    </p>

    <p class='ocr_par' dir='ltr' id='par_1_3' title="bbox 137 961 1206 2260">
     <span class='ocr_line' id='line_1_6' title="bbox 137 961 1205 1050; baseline 0.004 -26"><span class='ocrx_word' id='word_1_30' title='bbox 137 969 156 1024; x_wconf 77' lang='lat'>2</span> <span class='ocrx_word' id='word_1_31' title='bbox 179 962 262 1046; x_wconf 80' lang='lat' dir='ltr'><strong>Ego.</strong></span> <span class='ocrx_word' id='word_1_32' title='bbox 278 961 322 1024; x_wconf 90' lang='lat' dir='ltr'><strong>N.</strong></span> <span class='ocrx_word' id='word_1_33' title='bbox 342 961 496 1045; x_wconf 87' lang='lat' dir='ltr'><strong>promitto</strong></span> <span class='ocrx_word' id='word_1_34' title='bbox 519 961 735 1047; x_wconf 86' lang='lat' dir='ltr'><strong>omnipotenti</strong></span> <span class='ocrx_word' id='word_1_35' title='bbox 757 963 830 1026; x_wconf 88' lang='lat' dir='ltr'><strong>Deo</strong></span> <span class='ocrx_word' id='word_1_36' title='bbox 853 983 961 1026; x_wconf 83' lang='lat' dir='ltr'><strong>coram</strong></span> <span class='ocrx_word' id='word_1_37' title='bbox 984 962 1055 1048; x_wconf 89' lang='lat' dir='ltr'><strong>ejus</strong></span> <span class='ocrx_word' id='word_1_38' title='bbox 1070 963 1205 1050; x_wconf 87' lang='lat' dir='ltr'><strong>Virgine</strong></span> 
     </span>
     <span class='ocr_line' id='line_1_7' title="bbox 179 1074 1206 1162; baseline 0.003 -24"><span class='ocrx_word' id='word_1_39' title='bbox 179 1085 292 1154; x_wconf 89' lang='lat' dir='ltr'><strong>matre,</strong></span> <span class='ocrx_word' id='word_1_40' title='bbox 310 1085 343 1139; x_wconf 91' lang='lat' dir='ltr'><strong>et</strong></span> <span class='ocrx_word' id='word_1_41' title='bbox 360 1084 429 1138; x_wconf 91' lang='lat' dir='ltr'><strong>tota</strong></span> <span class='ocrx_word' id='word_1_42' title='bbox 453 1074 573 1138; x_wconf 87' lang='lat' dir='ltr'><strong>coelesti</strong></span> <span class='ocrx_word' id='word_1_43' title='bbox 597 1074 696 1153; x_wconf 88' lang='lat' dir='ltr'><strong>curia,</strong></span> <span class='ocrx_word' id='word_1_44' title='bbox 719 1086 752 1138; x_wconf 92' lang='lat' dir='ltr'><strong>et</strong></span> <span class='ocrx_word' id='word_1_45' title='bbox 773 1074 834 1139; x_wconf 93' lang='lat' dir='ltr'><strong>tibi</strong></span> <span class='ocrx_word' id='word_1_46' title='bbox 856 1077 897 1139; x_wconf 87' lang='lat' dir='ltr'><strong>R.</strong></span> <span class='ocrx_word' id='word_1_47' title='bbox 921 1075 1009 1139; x_wconf 89' lang='lat' dir='ltr'><strong>Patri</strong></span> <span class='ocrx_word' id='word_1_48' title='bbox 1026 1077 1206 1162; x_wconf 87' lang='lat' dir='ltr'><strong>Praeposito</strong></span> 
     </span>
     <span class='ocr_line' id='line_1_8' title="bbox 180 1187 1205 1268; baseline 0.003 -17"><span class='ocrx_word' id='word_1_49' title='bbox 180 1187 332 1252; x_wconf 85' lang='lat' dir='ltr'><strong>Generali</strong></span> <span class='ocrx_word' id='word_1_50' title='bbox 348 1187 517 1253; x_wconf 86' lang='lat' dir='ltr'><strong>Societatis</strong></span> <span class='ocrx_word' id='word_1_51' title='bbox 532 1187 555 1252; x_wconf 89' lang='lat' dir='ltr'><strong>J</strong></span> <span class='ocrx_word' id='word_1_52' title='bbox 556 1209 613 1252; x_wconf 91' lang='lat' dir='ltr'><strong>esu</strong></span> <span class='ocrx_word' id='word_1_53' title='bbox 629 1190 729 1251; x_wconf 83' lang='lat' dir='ltr'><strong>locum</strong></span> <span class='ocrx_word' id='word_1_54' title='bbox 743 1188 806 1250; x_wconf 81' lang='lat' dir='ltr'><strong>Dei</strong></span> <span class='ocrx_word' id='word_1_55' title='bbox 822 1191 950 1268; x_wconf 76' lang='lat' dir='ltr'><strong>tenenti,</strong></span> <span class='ocrx_word' id='word_1_56' title='bbox 962 1199 995 1253; x_wconf 89' lang='lat' dir='ltr'><strong>et</strong></span> <span class='ocrx_word' id='word_1_57' title='bbox 1011 1190 1205 1254; x_wconf 89' lang='lat' dir='ltr'><strong>successori-</strong></span> 
     </span>
     <span class='ocr_line' id='line_1_9' title="bbox 178 1298 1205 1385; baseline 0.003 -22"><span class='ocrx_word' id='word_1_58' title='bbox 178 1299 240 1363; x_wconf 87' lang='lat' dir='ltr'><strong>bus</strong></span> <span class='ocrx_word' id='word_1_59' title='bbox 266 1299 353 1378; x_wconf 84' lang='lat' dir='ltr'><strong>tuis3</strong></span> <span class='ocrx_word' id='word_1_60' title='bbox 386 1299 438 1364; x_wconf 86' lang='lat' dir='ltr'><strong>vel</strong></span> <span class='ocrx_word' id='word_1_61' title='bbox 462 1298 520 1363; x_wconf 93' lang='lat' dir='ltr'><strong>tibi</strong></span> <span class='ocrx_word' id='word_1_62' title='bbox 545 1301 585 1364; x_wconf 87' lang='lat' dir='ltr'><strong>R.</strong></span> <span class='ocrx_word' id='word_1_63' title='bbox 614 1299 702 1362; x_wconf 89' lang='lat' dir='ltr'><strong>Patri</strong></span> <span class='ocrx_word' id='word_1_64' title='bbox 731 1299 800 1364; x_wconf 87' lang='lat' dir='ltr'><strong>vice</strong></span> <span class='ocrx_word' id='word_1_65' title='bbox 832 1298 1002 1385; x_wconf 84' lang='lat' dir='ltr'><strong>Praepositi</strong></span> <span class='ocrx_word' id='word_1_66' title='bbox 1034 1301 1205 1366; x_wconf 84' lang='lat' dir='ltr'><strong>Generalis</strong></span> 
     </span>
     <span class='ocr_line' id='line_1_10' title="bbox 180 1410 1204 1496; baseline 0.005 -22"><span class='ocrx_word' id='word_1_67' title='bbox 180 1410 349 1475; x_wconf 84' lang='lat' dir='ltr'><strong>Societatis</strong></span> <span class='ocrx_word' id='word_1_68' title='bbox 363 1410 456 1491; x_wconf 88' lang='lat' dir='ltr'><strong>Jesu,</strong></span> <span class='ocrx_word' id='word_1_69' title='bbox 476 1422 509 1475; x_wconf 90' lang='lat' dir='ltr'><strong>et</strong></span> <span class='ocrx_word' id='word_1_70' title='bbox 532 1433 754 1475; x_wconf 89' lang='lat' dir='ltr'><strong>successorum</strong></span> <span class='ocrx_word' id='word_1_71' title='bbox 772 1411 853 1496; x_wconf 89' lang='lat' dir='ltr'><strong>ejus,</strong></span> <span class='ocrx_word' id='word_1_72' title='bbox 876 1414 976 1476; x_wconf 77' lang='lat' dir='ltr'><strong>boum</strong></span> <span class='ocrx_word' id='word_1_73' title='bbox 995 1414 1058 1476; x_wconf 79' lang='lat' dir='ltr'><strong>Det</strong></span> <span class='ocrx_word' id='word_1_74' title='bbox 1076 1418 1204 1495; x_wconf 80' lang='lat' dir='ltr'><strong>tenenti,</strong></span> 
     </span>
     <span class='ocr_line' id='line_1_11' title="bbox 179 1522 1205 1608; baseline 0.003 -22"><span class='ocrx_word' id='word_1_75' title='bbox 179 1534 368 1608; x_wconf 89' lang='lat' dir='ltr'><strong>perpetuam</strong></span> <span class='ocrx_word' id='word_1_76' title='bbox 385 1523 624 1608; x_wconf 86' lang='lat' dir='ltr'><strong>Paupertatem,</strong></span> <span class='ocrx_word' id='word_1_77' title='bbox 640 1522 843 1602; x_wconf 87' lang='lat' dir='ltr'><strong>Castitatem,</strong></span> <span class='ocrx_word' id='word_1_78' title='bbox 858 1533 891 1586; x_wconf 87' lang='lat' dir='ltr'><strong>et</strong></span> <span class='ocrx_word' id='word_1_79' title='bbox 913 1522 1157 1604; x_wconf 87' lang='lat' dir='ltr'><strong>Obedientiam,</strong></span> <span class='ocrx_word' id='word_1_80' title='bbox 1172 1538 1205 1590; x_wconf 90' lang='lat' dir='ltr'><strong>et</strong></span> 
     </span>
     <span class='ocr_line' id='line_1_12' title="bbox 180 1635 1205 1718; baseline 0.004 -20"><span class='ocrx_word' id='word_1_81' title='bbox 180 1635 359 1699; x_wconf 89' lang='lat' dir='ltr'><strong>secundum</strong></span> <span class='ocrx_word' id='word_1_82' title='bbox 375 1657 457 1714; x_wconf 87' lang='lat' dir='ltr'><strong>eam,</strong></span> <span class='ocrx_word' id='word_1_83' title='bbox 478 1637 666 1718; x_wconf 80' lang='lat' dir='ltr'><strong>peculiarem</strong></span> <span class='ocrx_word' id='word_1_84' title='bbox 681 1655 790 1699; x_wconf 79' lang='lat' dir='ltr'><strong>euram</strong></span> <span class='ocrx_word' id='word_1_85' title='bbox 805 1637 891 1700; x_wconf 80' lang='lat' dir='ltr'><strong>circo</strong></span> <span class='ocrx_word' id='word_1_86' title='bbox 909 1656 1084 1718; x_wconf 79' lang='lat' dir='ltr'><strong>puerorum</strong></span> <span class='ocrx_word' id='word_1_87' title='bbox 1100 1640 1205 1702; x_wconf 72' lang='lat' dir='ltr'><strong>uadi-</strong></span> 
     </span>
     <span class='ocr_line' id='line_1_13' title="bbox 179 1746 1205 1832; baseline 0.003 -22"><span class='ocrx_word' id='word_1_88' title='bbox 179 1750 303 1825; x_wconf 80' lang='lat' dir='ltr'><strong>tc&#39;oaem,</strong></span> <span class='ocrx_word' id='word_1_89' title='bbox 320 1746 416 1831; x_wconf 89' lang='lat' dir='ltr'><strong>juxta</strong></span> <span class='ocrx_word' id='word_1_90' title='bbox 435 1746 570 1809; x_wconf 92' lang='lat' dir='ltr'><strong>modum</strong></span> <span class='ocrx_word' id='word_1_91' title='bbox 593 1746 625 1809; x_wconf 92' lang='lat' dir='ltr'><strong>in</strong></span> <span class='ocrx_word' id='word_1_92' title='bbox 650 1746 766 1810; x_wconf 90' lang='lat' dir='ltr'><strong>litteris</strong></span> <span class='ocrx_word' id='word_1_93' title='bbox 788 1746 997 1832; x_wconf 86' lang='lat' dir='ltr'><strong>Apostolicis,</strong></span> <span class='ocrx_word' id='word_1_94' title='bbox 1019 1759 1053 1811; x_wconf 88' lang='lat' dir='ltr'><strong>et</strong></span> <span class='ocrx_word' id='word_1_95' title='bbox 1073 1747 1205 1813; x_wconf 86' lang='lat' dir='ltr'><strong>Consti-</strong></span> 
     </span>
     <span class='ocr_line' id='line_1_14' title="bbox 178 1857 1204 1943; baseline 0.003 -22"><span class='ocrx_word' id='word_1_96' title='bbox 178 1858 360 1923; x_wconf 87' lang='lat' dir='ltr'><strong>tutionibus</strong></span> <span class='ocrx_word' id='word_1_97' title='bbox 383 1858 478 1922; x_wconf 88' lang='lat' dir='ltr'><strong>dictae</strong></span> <span class='ocrx_word' id='word_1_98' title='bbox 495 1857 664 1922; x_wconf 87' lang='lat' dir='ltr'><strong>Societatis</strong></span> <span class='ocrx_word' id='word_1_99' title='bbox 681 1880 889 1943; x_wconf 82' lang='lat' dir='ltr'><strong>expressum3</strong></span> <span class='ocrx_word' id='word_1_100' title='bbox 912 1860 1036 1939; x_wconf 83' lang='lat' dir='ltr'><strong>Romae,</strong></span> <span class='ocrx_word' id='word_1_101' title='bbox 1050 1860 1103 1924; x_wconf 89' lang='lat' dir='ltr'><strong>vel</strong></span> <span class='ocrx_word' id='word_1_102' title='bbox 1117 1861 1204 1940; x_wconf 88' lang='lat' dir='ltr'><strong>alibi,</strong></span> 
     </span>
     <span class='ocr_line' id='line_1_15' title="bbox 179 1969 1204 2050; baseline 0.002 -16"><span class='ocrx_word' id='word_1_103' title='bbox 179 1971 214 2034; x_wconf 93' lang='lat' dir='ltr'><strong>in</strong></span> <span class='ocrx_word' id='word_1_104' title='bbox 229 1970 285 2034; x_wconf 87' lang='lat' dir='ltr'><strong>tali</strong></span> <span class='ocrx_word' id='word_1_105' title='bbox 304 1971 387 2050; x_wconf 79' lang='lat'><strong>1000,</strong></span> <span class='ocrx_word' id='word_1_106' title='bbox 407 1969 470 2049; x_wconf 92' lang='lat' dir='ltr'><strong>die,</strong></span> <span class='ocrx_word' id='word_1_107' title='bbox 487 1990 609 2048; x_wconf 90' lang='lat' dir='ltr'><strong>mense,</strong></span> <span class='ocrx_word' id='word_1_108' title='bbox 627 1980 661 2032; x_wconf 90' lang='lat' dir='ltr'><strong>et</strong></span> <span class='ocrx_word' id='word_1_109' title='bbox 682 1990 778 2034; x_wconf 89' lang='lat' dir='ltr'><strong>anno.</strong></span> <span class='ocrx_word' id='word_1_110' title='bbox 824 1970 967 2034; x_wconf 82' lang='lat' dir='ltr'><strong>Domum</strong></span> <span class='ocrx_word' id='word_1_111' title='bbox 989 1981 1097 2035; x_wconf 88' lang='lat' dir='ltr'><strong>sumat</strong></span> <span class='ocrx_word' id='word_1_112' title='bbox 1112 1993 1204 2036; x_wconf 88' lang='lat' dir='ltr'><strong>sanc-</strong></span> 
     </span>
     <span class='ocr_line' id='line_1_16' title="bbox 179 2080 1204 2166; baseline 0.003 -20"><span class='ocrx_word' id='word_1_113' title='bbox 179 2082 341 2146; x_wconf 89' lang='lat' dir='ltr'><strong>tissimum</strong></span> <span class='ocrx_word' id='word_1_114' title='bbox 358 2080 481 2147; x_wconf 80' lang='lat' dir='ltr'><strong>Christi</strong></span> <span class='ocrx_word' id='word_1_115' title='bbox 496 2102 633 2166; x_wconf 83' lang='lat' dir='ltr'><strong>corpus3</strong></span> <span class='ocrx_word' id='word_1_116' title='bbox 656 2090 689 2145; x_wconf 90' lang='lat' dir='ltr'><strong>et</strong></span> <span class='ocrx_word' id='word_1_117' title='bbox 707 2081 788 2146; x_wconf 87' lang='lat' dir='ltr'><strong>fient</strong></span> <span class='ocrx_word' id='word_1_118' title='bbox 809 2081 943 2166; x_wconf 88' lang='lat' dir='ltr'><strong>reliqua,</strong></span> <span class='ocrx_word' id='word_1_119' title='bbox 965 2103 1039 2165; x_wconf 88' lang='lat' dir='ltr'><strong>quae</strong></span> <span class='ocrx_word' id='word_1_120' title='bbox 1061 2083 1102 2147; x_wconf 94' lang='lat' dir='ltr'><strong>de</strong></span> <span class='ocrx_word' id='word_1_121' title='bbox 1126 2084 1204 2149; x_wconf 86' lang='lat' dir='ltr'><strong>Pro-</strong></span> 
     </span>
     <span class='ocr_line' id='line_1_17' title="bbox 179 2195 478 2260; baseline 0 -2"><span class='ocrx_word' id='word_1_122' title='bbox 179 2195 273 2260; x_wconf 89' lang='lat' dir='ltr'><strong>fessis</strong></span> <span class='ocrx_word' id='word_1_123' title='bbox 288 2195 376 2260; x_wconf 90' lang='lat' dir='ltr'><strong>dicta</strong></span> <span class='ocrx_word' id='word_1_124' title='bbox 391 2206 478 2258; x_wconf 89' lang='lat' dir='ltr'><strong>sunt.</strong></span> 
     </span>
    </p>

    <p class='ocr_par' dir='ltr' id='par_1_4' title="bbox 136 2305 1205 2598">
     <span class='ocr_line' id='line_1_18' title="bbox 136 2305 1205 2391; baseline -0.002 -18"><span class='ocrx_word' id='word_1_125' title='bbox 136 2316 157 2373; x_wconf 83' lang='lat'><strong>3</strong></span> <span class='ocrx_word' id='word_1_126' title='bbox 180 2307 333 2373; x_wconf 85' lang='lat' dir='ltr'><strong>Formula</strong></span> <span class='ocrx_word' id='word_1_127' title='bbox 355 2307 396 2371; x_wconf 89' lang='lat' dir='ltr'><strong>ad</strong></span> <span class='ocrx_word' id='word_1_128' title='bbox 419 2305 632 2390; x_wconf 78' lang='lat' dir='ltr'><strong>coadjutores</strong></span> <span class='ocrx_word' id='word_1_129' title='bbox 655 2307 690 2369; x_wconf 90' lang='lat' dir='ltr'><strong>in</strong></span> <span class='ocrx_word' id='word_1_130' title='bbox 713 2306 811 2370; x_wconf 87' lang='lat' dir='ltr'><strong>rebus</strong></span> <span class='ocrx_word' id='word_1_131' title='bbox 835 2305 1068 2391; x_wconf 86' lang='lat' dir='ltr'><strong>temporalibus</strong></span> <span class='ocrx_word' id='word_1_132' title='bbox 1087 2307 1205 2372; x_wconf 84' lang='lat' dir='ltr'><strong>admit-</strong></span> 
     </span>
     <span class='ocr_line' id='line_1_19' title="bbox 179 2416 1205 2500; baseline -0.003 -15"><span class='ocrx_word' id='word_1_133' title='bbox 179 2421 295 2485; x_wconf 89' lang='lat' dir='ltr'><strong>tendos</strong></span> <span class='ocrx_word' id='word_1_134' title='bbox 310 2419 422 2482; x_wconf 89' lang='lat' dir='ltr'><strong>eadem</strong></span> <span class='ocrx_word' id='word_1_135' title='bbox 438 2416 508 2495; x_wconf 89' lang='lat' dir='ltr'><strong>erit,</strong></span> <span class='ocrx_word' id='word_1_136' title='bbox 524 2418 667 2481; x_wconf 89' lang='lat' dir='ltr'><strong>clausula</strong></span> <span class='ocrx_word' id='word_1_137' title='bbox 687 2418 742 2480; x_wconf 87' lang='lat' dir='ltr'><strong>ills</strong></span> <span class='ocrx_word' id='word_1_138' title='bbox 759 2419 797 2482; x_wconf 84' lang='lat' dir='ltr'><strong>de</strong></span> <span class='ocrx_word' id='word_1_139' title='bbox 816 2439 989 2500; x_wconf 78' lang='lat' dir='ltr'><strong>puerorum</strong></span> <span class='ocrx_word' id='word_1_140' title='bbox 1007 2420 1205 2483; x_wconf 78' lang='lat' dir='ltr'><strong>institutione</strong></span> 
     </span>
     <span class='ocr_line' id='line_1_20' title="bbox 180 2533 432 2598; baseline -0.02 0"><span class='ocrx_word' id='word_1_141' title='bbox 180 2533 285 2598; x_wconf 91' lang='lat' dir='ltr'><strong>solum</strong></span> <span class='ocrx_word' id='word_1_142' title='bbox 299 2540 432 2594; x_wconf 88' lang='lat' dir='ltr'><strong>remota.</strong></span> 
     </span>
    </p>

    <p class='ocr_par' dir='ltr' id='par_1_5' title="bbox 179 2640 1206 2951">
     <span class='ocr_line' id='line_1_21' title="bbox 180 2640 1205 2727; baseline -0.003 -18"><span class='ocrx_word' id='word_1_143' title='bbox 180 2643 258 2722; x_wconf 76' lang='lat' dir='ltr'><strong>Qui,</strong></span> <span class='ocrx_word' id='word_1_144' title='bbox 278 2652 408 2727; x_wconf 89' lang='lat' dir='ltr'><strong>peracta</strong></span> <span class='ocrx_word' id='word_1_145' title='bbox 426 2662 485 2704; x_wconf 87' lang='lat' dir='ltr'><strong>sua</strong></span> <span class='ocrx_word' id='word_1_146' title='bbox 505 2640 604 2725; x_wconf 89' lang='lat' dir='ltr'><strong>priori</strong></span> <span class='ocrx_word' id='word_1_147' title='bbox 627 2641 817 2726; x_wconf 87' lang='lat' dir='ltr'><strong>probatione</strong></span> <span class='ocrx_word' id='word_1_148' title='bbox 837 2652 870 2705; x_wconf 91' lang='lat' dir='ltr'><strong>et</strong></span> <span class='ocrx_word' id='word_1_149' title='bbox 893 2640 1121 2726; x_wconf 82' lang='lat' dir='ltr'><strong>experimentis</strong></span> <span class='ocrx_word' id='word_1_150' title='bbox 1146 2664 1205 2727; x_wconf 90' lang='lat' dir='ltr'><strong>per</strong></span> 
     </span>
     <span class='ocr_line' id='line_1_22' title="bbox 179 2751 1206 2838; baseline -0.004 -18"><span class='ocrx_word' id='word_1_151' title='bbox 179 2753 347 2820; x_wconf 89' lang='lat' dir='ltr'><strong>biennium</strong></span> <span class='ocrx_word' id='word_1_152' title='bbox 363 2753 432 2817; x_wconf 86' lang='lat' dir='ltr'><strong>fieri</strong></span> <span class='ocrx_word' id='word_1_153' title='bbox 448 2751 560 2833; x_wconf 89' lang='lat' dir='ltr'><strong>solitis,</strong></span> <span class='ocrx_word' id='word_1_154' title='bbox 579 2753 614 2816; x_wconf 93' lang='lat' dir='ltr'><strong>in</strong></span> <span class='ocrx_word' id='word_1_155' title='bbox 631 2752 847 2818; x_wconf 86' lang='lat' dir='ltr'><strong>Scholasticos</strong></span> <span class='ocrx_word' id='word_1_156' title='bbox 870 2752 1064 2838; x_wconf 87' lang='lat' dir='ltr'><strong>approbatos</strong></span> <span class='ocrx_word' id='word_1_157' title='bbox 1087 2753 1206 2817; x_wconf 87' lang='lat' dir='ltr'><strong>admit-</strong></span> 
     </span>
     <span class='ocr_line' id='line_1_23' title="bbox 180 2865 1206 2951; baseline -0.002 -18"><span class='ocrx_word' id='word_1_158' title='bbox 180 2876 306 2948; x_wconf 91' lang='lat' dir='ltr'><strong>tuntur,</strong></span> <span class='ocrx_word' id='word_1_159' title='bbox 317 2889 425 2931; x_wconf 86' lang='lat' dir='ltr'><strong>coram</strong></span> <span class='ocrx_word' id='word_1_160' title='bbox 440 2866 601 2951; x_wconf 84' lang='lat' dir='ltr'><strong>aliquibus</strong></span> <span class='ocrx_word' id='word_1_161' title='bbox 617 2866 812 2946; x_wconf 83' lang='lat' dir='ltr'><strong>domesticis,</strong></span> <span class='ocrx_word' id='word_1_162' title='bbox 823 2865 959 2950; x_wconf 86' lang='lat' dir='ltr'><strong>quanvis</strong></span> <span class='ocrx_word' id='word_1_163' title='bbox 974 2889 1041 2930; x_wconf 91' lang='lat' dir='ltr'><strong>non</strong></span> <span class='ocrx_word' id='word_1_164' title='bbox 1056 2865 1091 2929; x_wconf 95' lang='lat' dir='ltr'><strong>in</strong></span> <span class='ocrx_word' id='word_1_165' title='bbox 1100 2867 1206 2931; x_wconf 89' lang='lat' dir='ltr'><strong>mani-</strong></span> 
     </span>
    </p>
   </div>
   <div class='ocr_carea' id='block_1_3' title="bbox 136 2979 1206 3401">
    <p class='ocr_par' dir='ltr' id='par_1_6' title="bbox 179 2979 1107 3066">
     <span class='ocr_line' id='line_1_24' title="bbox 179 2979 1107 3066; baseline -0.004 -21"><span class='ocrx_word' id='word_1_166' title='bbox 179 2981 241 3046; x_wconf 90' lang='lat' dir='ltr'><strong>bus</strong></span> <span class='ocrx_word' id='word_1_167' title='bbox 257 2980 460 3066; x_wconf 87' lang='lat' dir='ltr'><strong>oujusquam,</strong></span> <span class='ocrx_word' id='word_1_168' title='bbox 474 2989 550 3044; x_wconf 85' lang='lat' dir='ltr'><strong>vota</strong></span> <span class='ocrx_word' id='word_1_169' title='bbox 565 3001 623 3042; x_wconf 87' lang='lat' dir='ltr'><strong>sua</strong></span> <span class='ocrx_word' id='word_1_170' title='bbox 638 2979 788 3043; x_wconf 87' lang='lat' dir='ltr'><strong>emittent</strong></span> <span class='ocrx_word' id='word_1_171' title='bbox 802 2979 844 3042; x_wconf 94' lang='lat' dir='ltr'><strong>ad</strong></span> <span class='ocrx_word' id='word_1_172' title='bbox 858 2980 946 3042; x_wconf 91' lang='lat' dir='ltr'><strong>hunc</strong></span> <span class='ocrx_word' id='word_1_173' title='bbox 961 2979 1107 3042; x_wconf 86' lang='lat' dir='ltr'><strong>modum.</strong></span> 
     </span>
    </p>

    <p class='ocr_par' dir='ltr' id='par_1_7' title="bbox 136 3090 1206 3401">
     <span class='ocr_line' id='line_1_25' title="bbox 136 3090 1205 3179; baseline -0.004 -21"><span class='ocrx_word' id='word_1_174' title='bbox 136 3103 157 3158; x_wconf 90' lang='grc'><strong>4</strong></span> <span class='ocrx_word' id='word_1_175' title='bbox 181 3093 400 3179; x_wconf 86' lang='lat' dir='ltr'><strong>Omnipotens</strong></span> <span class='ocrx_word' id='word_1_176' title='bbox 416 3091 609 3177; x_wconf 89' lang='lat' dir='ltr'><strong>sempiterne</strong></span> <span class='ocrx_word' id='word_1_177' title='bbox 625 3093 728 3171; x_wconf 91' lang='lat' dir='ltr'><strong>Deus,</strong></span> <span class='ocrx_word' id='word_1_178' title='bbox 742 3091 827 3175; x_wconf 86' lang='lat' dir='ltr'><strong>Ego.</strong></span> <span class='ocrx_word' id='word_1_179' title='bbox 839 3091 883 3154; x_wconf 91' lang='lat' dir='ltr'><strong>N.</strong></span> <span class='ocrx_word' id='word_1_180' title='bbox 894 3090 970 3154; x_wconf 87' lang='lat' dir='ltr'><strong>licet</strong></span> <span class='ocrx_word' id='word_1_181' title='bbox 984 3090 1205 3175; x_wconf 89' lang='lat' dir='ltr'><strong>undecunque</strong></span> 
     </span>
     <span class='ocr_line' id='line_1_26' title="bbox 180 3201 1205 3289; baseline -0.005 -18"><span class='ocrx_word' id='word_1_182' title='bbox 180 3206 289 3272; x_wconf 88' lang='lat' dir='ltr'><strong>divino</strong></span> <span class='ocrx_word' id='word_1_183' title='bbox 304 3216 361 3269; x_wconf 93' lang='lat' dir='ltr'><strong>tuo</strong></span> <span class='ocrx_word' id='word_1_184' title='bbox 377 3211 554 3289; x_wconf 88' lang='lat' dir='ltr'><strong>conspectu</strong></span> <span class='ocrx_word' id='word_1_185' title='bbox 568 3202 824 3288; x_wconf 83' lang='lat' dir='ltr'><strong>indignissimus,</strong></span> <span class='ocrx_word' id='word_1_186' title='bbox 838 3203 940 3267; x_wconf 84' lang='lat' dir='ltr'><strong>fretus</strong></span> <span class='ocrx_word' id='word_1_187' title='bbox 955 3213 1065 3266; x_wconf 88' lang='lat' dir='ltr'><strong>tamen</strong></span> <span class='ocrx_word' id='word_1_188' title='bbox 1083 3201 1205 3287; x_wconf 89' lang='lat' dir='ltr'><strong>pietate</strong></span> 
     </span>
     <span class='ocr_line' id='line_1_27' title="bbox 180 3313 1206 3401; baseline -0.008 -17"><span class='ocrx_word' id='word_1_189' title='bbox 180 3342 217 3384; x_wconf 87' lang='lat' dir='ltr'><strong>ac</strong></span> <span class='ocrx_word' id='word_1_190' title='bbox 234 3315 452 3382; x_wconf 86' lang='lat' dir='ltr'><strong>misericordia</strong></span> <span class='ocrx_word' id='word_1_191' title='bbox 475 3327 532 3379; x_wconf 88' lang='lat' dir='ltr'><strong>tua</strong></span> <span class='ocrx_word' id='word_1_192' title='bbox 557 3315 695 3394; x_wconf 88' lang='lat' dir='ltr'><strong>infinita,</strong></span> <span class='ocrx_word' id='word_1_193' title='bbox 719 3326 752 3379; x_wconf 92' lang='lat' dir='ltr'><strong>et</strong></span> <span class='ocrx_word' id='word_1_194' title='bbox 777 3314 937 3401; x_wconf 90' lang='lat' dir='ltr'><strong>impulsus</strong></span> <span class='ocrx_word' id='word_1_195' title='bbox 960 3313 1019 3378; x_wconf 91' lang='lat' dir='ltr'><strong>tibi</strong></span> <span class='ocrx_word' id='word_1_196' title='bbox 1043 3313 1206 3378; x_wconf 88' lang='lat' dir='ltr'><strong>serviendi</strong></span> 
     </span>
    </p>
   </div>
   <div class='ocr_carea' id='block_1_4' title="bbox 172 3425 1211 4186">
    <p class='ocr_par' dir='ltr' id='par_1_8' title="bbox 172 3425 1211 4186">
     <span class='ocr_line' id='line_1_28' title="bbox 179 3425 1206 3512; baseline -0.007 -16"><span class='ocrx_word' id='word_1_197' title='bbox 179 3430 336 3496; x_wconf 89' lang='lat' dir='ltr'><strong>desiderio</strong></span> <span class='ocrx_word' id='word_1_198' title='bbox 359 3450 459 3493; x_wconf 90' lang='lat' dir='ltr'><strong>voveo</strong></span> <span class='ocrx_word' id='word_1_199' title='bbox 485 3449 592 3492; x_wconf 88' lang='lat' dir='ltr'><strong>coram</strong></span> <span class='ocrx_word' id='word_1_200' title='bbox 627 3427 841 3491; x_wconf 86' lang='lat' dir='ltr'><strong>sacratissima</strong></span> <span class='ocrx_word' id='word_1_201' title='bbox 865 3426 998 3512; x_wconf 83' lang='lat' dir='ltr'><strong>Virgine</strong></span> <span class='ocrx_word' id='word_1_202' title='bbox 1029 3425 1148 3506; x_wconf 87' lang='lat' dir='ltr'><strong>Maria,</strong></span> <span class='ocrx_word' id='word_1_203' title='bbox 1172 3438 1206 3490; x_wconf 92' lang='lat' dir='ltr'><strong>et</strong></span> 
     </span>
     <span class='ocr_line' id='line_1_29' title="bbox 179 3537 1206 3624; baseline -0.007 -17"><span class='ocrx_word' id='word_1_204' title='bbox 179 3543 268 3608; x_wconf 89' lang='lat' dir='ltr'><strong>curia</strong></span> <span class='ocrx_word' id='word_1_205' title='bbox 281 3549 339 3605; x_wconf 88' lang='lat' dir='ltr'><strong>tua</strong></span> <span class='ocrx_word' id='word_1_206' title='bbox 353 3539 475 3604; x_wconf 87' lang='lat' dir='ltr'><strong>coelesti</strong></span> <span class='ocrx_word' id='word_1_207' title='bbox 493 3538 642 3603; x_wconf 88' lang='lat' dir='ltr'><strong>universa</strong></span> <span class='ocrx_word' id='word_1_208' title='bbox 665 3538 782 3602; x_wconf 85' lang='lat' dir='ltr'><strong>divinae</strong></span> <span class='ocrx_word' id='word_1_209' title='bbox 797 3537 964 3624; x_wconf 87' lang='lat' dir='ltr'><strong>Majestati</strong></span> <span class='ocrx_word' id='word_1_210' title='bbox 978 3547 1044 3602; x_wconf 86' lang='lat' dir='ltr'><strong>tuae</strong></span> <span class='ocrx_word' id='word_1_211' title='bbox 1060 3538 1206 3623; x_wconf 86' lang='lat' dir='ltr'><strong>Pauper-</strong></span> 
     </span>
     <span class='ocr_line' id='line_1_30' title="bbox 180 3650 1208 3736; baseline -0.007 -15"><span class='ocrx_word' id='word_1_212' title='bbox 180 3665 291 3735; x_wconf 87' lang='lat' dir='ltr'><strong>tatem,</strong></span> <span class='ocrx_word' id='word_1_213' title='bbox 308 3653 510 3732; x_wconf 88' lang='lat' dir='ltr'><strong>Castitatem,</strong></span> <span class='ocrx_word' id='word_1_214' title='bbox 525 3663 557 3717; x_wconf 88' lang='lat' dir='ltr'><strong>et</strong></span> <span class='ocrx_word' id='word_1_215' title='bbox 580 3651 808 3717; x_wconf 89' lang='lat' dir='ltr'><strong>Obedientiam</strong></span> <span class='ocrx_word' id='word_1_216' title='bbox 830 3664 1021 3736; x_wconf 85' lang='lat' dir='ltr'><strong>perpetuam</strong></span> <span class='ocrx_word' id='word_1_217' title='bbox 1042 3650 1078 3713; x_wconf 90' lang='lat' dir='ltr'><strong>in</strong></span> <span class='ocrx_word' id='word_1_218' title='bbox 1095 3650 1208 3715; x_wconf 84' lang='lat' dir='ltr'><strong>Socie-</strong></span> 
     </span>
     <span class='ocr_line' id='line_1_31' title="bbox 181 3763 1209 3851; baseline -0.006 -18"><span class='ocrx_word' id='word_1_219' title='bbox 181 3780 246 3833; x_wconf 90' lang='lat' dir='ltr'><strong>tate</strong></span> <span class='ocrx_word' id='word_1_220' title='bbox 261 3768 284 3833; x_wconf 88' lang='lat' dir='ltr'><strong>J</strong></span> <span class='ocrx_word' id='word_1_221' title='bbox 285 3790 353 3846; x_wconf 87' lang='lat' dir='ltr'><strong>esu,</strong></span> <span class='ocrx_word' id='word_1_222' title='bbox 368 3777 400 3830; x_wconf 93' lang='lat' dir='ltr'><strong>et</strong></span> <span class='ocrx_word' id='word_1_223' title='bbox 422 3764 576 3851; x_wconf 89' lang='lat' dir='ltr'><strong>promitto</strong></span> <span class='ocrx_word' id='word_1_224' title='bbox 599 3765 733 3828; x_wconf 87' lang='lat' dir='ltr'><strong>eandem</strong></span> <span class='ocrx_word' id='word_1_225' title='bbox 750 3764 943 3829; x_wconf 86' lang='lat' dir='ltr'><strong>Societatem</strong></span> <span class='ocrx_word' id='word_1_226' title='bbox 964 3785 1016 3828; x_wconf 90' lang='lat' dir='ltr'><strong>me</strong></span> <span class='ocrx_word' id='word_1_227' title='bbox 1038 3763 1209 3849; x_wconf 86' lang='lat' dir='ltr'><strong>ingressu-</strong></span> 
     </span>
     <span class='ocr_line' id='line_1_32' title="bbox 180 3877 1208 3962; baseline -0.004 -18"><span class='ocrx_word' id='word_1_228' title='bbox 180 3903 272 3959; x_wconf 92' lang='lat' dir='ltr'><strong>rum;</strong></span> <span class='ocrx_word' id='word_1_229' title='bbox 295 3887 333 3942; x_wconf 93' lang='lat' dir='ltr'><strong>ut</strong></span> <span class='ocrx_word' id='word_1_230' title='bbox 346 3879 446 3944; x_wconf 89' lang='lat' dir='ltr'><strong>vitam</strong></span> <span class='ocrx_word' id='word_1_231' title='bbox 461 3877 495 3941; x_wconf 95' lang='lat' dir='ltr'><strong>in</strong></span> <span class='ocrx_word' id='word_1_232' title='bbox 511 3899 548 3940; x_wconf 89' lang='lat' dir='ltr'><strong>ea</strong></span> <span class='ocrx_word' id='word_1_233' title='bbox 562 3883 719 3962; x_wconf 89' lang='lat' dir='ltr'><strong>perpetuo</strong></span> <span class='ocrx_word' id='word_1_234' title='bbox 736 3877 871 3961; x_wconf 83' lang='lat' dir='ltr'><strong>degam3</strong></span> <span class='ocrx_word' id='word_1_235' title='bbox 887 3878 989 3940; x_wconf 79' lang='lat' dir='ltr'><strong>omnio</strong></span> <span class='ocrx_word' id='word_1_236' title='bbox 1004 3877 1208 3958; x_wconf 70' lang='lat' dir='ltr'><strong>intelliycado</strong></span> 
     </span>
     <span class='ocr_line' id='line_1_33' title="bbox 172 3987 1210 4074; baseline -0.004 -19"><span class='ocrx_word' id='word_1_237' title='bbox 172 3994 272 4074; x_wconf 77' lang='lat' dir='ltr'><strong>juata</strong></span> <span class='ocrx_word' id='word_1_238' title='bbox 291 3993 390 4073; x_wconf 76' lang='lat' dir='ltr'><strong>ipsios</strong></span> <span class='ocrx_word' id='word_1_239' title='bbox 409 3991 577 4054; x_wconf 79' lang='lat' dir='ltr'><strong>Societotc&#39;s</strong></span> <span class='ocrx_word' id='word_1_240' title='bbox 607 3989 861 4052; x_wconf 66' lang='lat' dir='ltr'><strong>tentatationes.</strong></span> <span class='ocrx_word' id='word_1_241' title='bbox 905 3990 937 4052; x_wconf 94' lang='lat' dir='ltr'><strong>A</strong></span> <span class='ocrx_word' id='word_1_242' title='bbox 963 3998 1020 4051; x_wconf 89' lang='lat' dir='ltr'><strong>tua</strong></span> <span class='ocrx_word' id='word_1_243' title='bbox 1041 4008 1120 4072; x_wconf 85' lang='lat' dir='ltr'><strong>ergo</strong></span> <span class='ocrx_word' id='word_1_244' title='bbox 1147 3987 1210 4051; x_wconf 88' lang='lat' dir='ltr'><strong>irn-</strong></span> 
     </span>
     <span class='ocr_line' id='line_1_34' title="bbox 180 4098 1211 4186; baseline -0.004 -18"><span class='ocrx_word' id='word_1_245' title='bbox 180 4126 292 4168; x_wconf 87' lang='lat' dir='ltr'><strong>mensa</strong></span> <span class='ocrx_word' id='word_1_246' title='bbox 306 4103 449 4168; x_wconf 85' lang='lat' dir='ltr'><strong>bonitate</strong></span> <span class='ocrx_word' id='word_1_247' title='bbox 466 4113 498 4166; x_wconf 92' lang='lat' dir='ltr'><strong>et</strong></span> <span class='ocrx_word' id='word_1_248' title='bbox 514 4101 683 4166; x_wconf 89' lang='lat' dir='ltr'><strong>clementia</strong></span> <span class='ocrx_word' id='word_1_249' title='bbox 698 4123 756 4186; x_wconf 91' lang='lat' dir='ltr'><strong>per</strong></span> <span class='ocrx_word' id='word_1_250' title='bbox 771 4100 794 4165; x_wconf 88' lang='lat' dir='ltr'><strong>J</strong></span> <span class='ocrx_word' id='word_1_251' title='bbox 795 4123 852 4165; x_wconf 91' lang='lat' dir='ltr'><strong>esu</strong></span> <span class='ocrx_word' id='word_1_252' title='bbox 869 4099 992 4165; x_wconf 90' lang='lat' dir='ltr'><strong>Christi</strong></span> <span class='ocrx_word' id='word_1_253' title='bbox 1013 4098 1211 4184; x_wconf 83' lang='lat' dir='ltr'><strong>sanguinem</strong></span> 
     </span>
    </p>
   </div>
   <div class='ocr_carea' id='block_1_5' title="bbox 0 0 1328 4732">
    <p class='ocr_par' dir='ltr' id='par_1_9' title="bbox 0 0 1328 4732">
     <span class='ocr_line' id='line_1_35' title="bbox 0 0 1328 4732; baseline 0 0"><span class='ocrx_word' id='word_1_254' title='bbox 0 0 1328 4732; x_wconf 95' lang='lat' dir='ltr'><strong> </strong></span> 
     </span>
    </p>
   </div>
  </div>
 </body>
</html>
