2646 4732
116 335 177 392 126
490 349 817 394 consrrrumonun

178 514 303 578 catione
320 526 352 578 et
368 515 587 579 satisfactione
603 516 765 600 perspecti
777 516 818 579 ad
833 516 1067 601 professionem
1079 517 1209 582 admitti

178 626 307 691 debent.
355 626 408 691 Sic
424 627 521 706 enim,
535 628 612 691 licet
634 628 810 692 multitudo
833 637 997 713 augescat,
1011 652 1080 694 non
1102 630 1209 694 immi-

177 749 307 816 nuetur,
328 761 388 801 nec
414 739 550 803 debilior
575 740 728 803 reddetur
754 740 898 825 spiritus,
925 741 1005 805 dum
1027 741 1109 805 tales
1132 741 1208 822 sint,

178 850 234 933 qui
249 850 284 912 in
301 850 471 914 Societatis
487 873 605 936 corpus
621 863 826 937 cooptantur.

114 969 155 1025 10
178 961 263 1024 Cum
279 962 365 1025 bona
379 973 412 1026 et
427 962 511 1025 mala
527 962 641 1047 capitis
662 962 819 1026 habitudo
834 963 869 1026 in
884 964 1072 1028 universum
1088 986 1208 1049 eorpus

176 1074 362 1152 redundet3
401 1096 605 1159 summopere
641 1075 796 1152 conferet,
828 1075 855 1138 si
892 1075 1005 1140 electio
1038 1075 1210 1160 Praepositi

180 1186 350 1250 Generalis
366 1210 404 1251 ea
427 1187 479 1266 sit,
503 1186 633 1270 quaein
656 1209 743 1250 nona
765 1199 856 1271 parte
880 1188 1041 1274 descripta
1057 1199 1118 1252 est.
1164 1189 1209 1251 Et

177 1300 352 1381 posthanc
369 1299 570 1378 electionem,
586 1298 641 1361 illa
655 1299 790 1361 maximi
812 1299 872 1362 erit
894 1300 1063 1378 momenti,
1079 1321 1146 1383 qua
1159 1299 1210 1362 in-

178 1409 307 1473 feriores
325 1410 494 1494 Praepositi
508 1410 543 1473 in
560 1411 749 1489 Provinciis,
765 1422 797 1474 et
814 1411 979 1496 Collegiis,
995 1433 1032 1474 ac
1043 1410 1209 1475 Domibus

178 1520 346 1584 Societatis
363 1522 536 1606 eliguntur.
582 1523 668 1586 Nam
688 1523 755 1586 fere
777 1523 888 1605 quales
915 1523 950 1585 hi
976 1522 1107 1600 fuerint,
1128 1521 1210 1585 tales

178 1640 210 1695 et
225 1655 336 1695 eorum
352 1634 475 1698 subditi
490 1645 595 1698 erunt.
641 1635 752 1697 Refert
774 1634 872 1698 etiam
894 1655 1101 1718 magnopere,
1125 1655 1210 1717 prae-

177 1756 226 1807 ter
242 1746 441 1826 electionem,
458 1747 485 1810 si
501 1747 672 1832 Praepositi
686 1746 896 1832 particulares
912 1747 946 1809 in
969 1746 1030 1810 sibi
1047 1745 1210 1824 subditos,

178 1867 211 1918 et
227 1856 395 1921 Generalis
410 1859 445 1921 in
460 1860 680 1944 particulares,
696 1881 733 1922 ac
757 1859 870 1922 00111111
886 1858 1029 1922 Societas
1045 1857 1080 1920 in
1098 1857 1212 1921 Gene-

176 1968 276 2031 ralem
296 1970 394 2053 (utin
410 1993 496 2034 nona
517 1983 609 2056 parte
632 1971 830 2034 declaratum
854 1971 914 2052 est)
933 1969 1075 2032 multum
1098 1980 1211 2055 potes-

177 2083 252 2146 tatis
263 2084 415 2163 habeant,
426 2085 483 2164 ita,
495 2099 532 2148 ut
544 2107 656 2149 omnes
672 2085 714 2147 ad
728 2084 852 2147 bonum
868 2083 978 2148 omnia
992 2084 1122 2169 possint
1134 2110 1144 2163 3
1167 2095 1212 2177 et,

177 2195 302 2259 simale
319 2204 461 2281 agerent,
477 2197 610 2260 omnino
626 2195 763 2280 subjecti
786 2196 862 2259 sint.
909 2195 1022 2258 Refert
1045 2195 1158 2275 etiam,
1173 2203 1211 2259 ut

178 2308 366 2393 Superiores
381 2309 546 2372 ministros
562 2309 696 2372 idoneos
715 2309 764 2391 (ut
782 2307 816 2370 in
839 2307 953 2370 eadem
974 2318 1067 2391 parte
1083 2307 1210 2371 dictum

177 2420 237 2501 011)
257 2420 298 2482 ad
320 2420 555 2483 ordinationem
578 2430 611 2482 01
633 2419 856 2483 executionem
878 2439 1002 2498 rerum,
1018 2441 1092 2502 quae
1116 2441 1212 2505 spec-

179 2542 249 2593 tant
265 2531 306 2594 ad
321 2553 432 2594 eorum
448 2531 600 2610 officium,
615 2530 766 2594 habeant.

116 2649 152 2704 11
180 2641 279 2706 Quod
301 2642 394 2726 juvat
418 2644 459 2706 ad
485 2643 639 2706 unionem
665 2642 886 2706 membrorum
912 2641 1010 2726 hujus
1038 2640 1211 2706 Societatis

177 2753 263 2817 inter
278 2776 323 2833 se,
339 2766 371 2817 et
387 2777 461 2818 cum
479 2777 537 2818 suo
553 2755 672 2839 capite,
687 2754 828 2818 multum
844 2754 941 2818 etiam
956 2753 998 2815 ad
1013 2754 1211 2819 conservati-

179 2887 274 2927 onem
291 2865 369 2928 boni
385 2877 488 2929 status
505 2866 590 2929 illius
609 2865 756 2950 juvabit:
781 2864 963 2950 cujusmodi
978 2875 1028 2927 est
1044 2863 1211 2949 inprimis

176 2977 382 3041 voluntatum
411 2978 589 3058 vinculum,
620 2978 708 3062 quod
738 2977 877 3041 charitas
908 2987 968 3056 est,
1006 2985 1039 3039 et
1069 2986 1211 3040 mutuus

178 3116 278 3174 amor,
309 3118 406 3179 quem
437 3095 548 3159 crebra
584 3095 846 3172 communicatio,
884 3105 917 3157 et
953 3113 1063 3156 rerum
1093 3104 1211 3157 mutua

179 3207 305 3286 notitia,
330 3207 441 3270 eadem
468 3207 626 3286 doctrina,
651 3207 738 3270 etin
763 3205 927 3283 omnibuS,
954 3215 1117 3288 quantum
1140 3205 1211 3284 fieri

177 3329 297 3402 potest,
312 3318 516 3381 uniformitas
532 3318 663 3381 nutriet.
710 3318 775 3381 Sed
790 3318 824 3381 in
847 3315 960 3403 primis
983 3316 1019 3378 id
1039 3315 1211 3400 praestabit

179 3429 370 3493 obedientiae
392 3429 569 3508 vinculum,
594 3430 682 3513 quod
702 3428 913 3514 particulares
938 3449 1014 3492 cum
1038 3426 1108 3490 suis
1125 3428 1211 3491 Prae-

178 3541 304 3626 positis,
322 3552 354 3603 et
376 3541 436 3604 hos
459 3540 547 3625 ipsos
568 3541 653 3604 inter
675 3563 708 3604 se
729 3552 762 3604 01
785 3563 860 3604 011111
885 3537 1212 3617 Ρ1011110111111111,01

178 3664 332 3736 utrosque
348 3675 423 3715 cum
436 3652 588 3716 Generali
603 3654 705 3731 uniet,
720 3653 777 3731 ita,
788 3664 826 3715 ut
841 3652 926 3715 inter
942 3672 1055 3715 omnes
1072 3650 1212 3736 diligen-

180 3777 230 3829 ter
245 3765 467 3829 subordinatio
483 3777 637 3829 servetur.

115 3885 154 3940 12
179 3877 361 3941 Moderatio
376 3878 522 3941 laborum
539 3877 637 3940 animi
660 3884 692 3939 et
715 3876 869 3960 corporis,
886 3888 918 3940 et
940 3876 974 3939 in
993 3874 1212 3940 Constitutio-

178 3989 286 4068 nibus,
311 4013 383 4073 quae
411 3991 452 4053 ad
482 4000 634 4067 neutrum
659 4000 839 4053 extremum
864 3989 978 4073 rigoris
999 3988 1051 4052 vel
1073 3988 1212 4054 dissolu-
