2646 4732
542 380 633 425 rans
658 383 771 428 NONA.
1137 376 1195 432 105

173 545 237 610 Dei
260 546 395 632 gloriam
421 548 499 612 satis
523 549 588 613 fere
614 571 743 636 semper
768 564 936 637 occupata,
962 553 1197 621 universalibus

172 657 224 722 his
239 660 452 725 conventibus
467 660 576 724 minus
591 661 709 727 laboris
725 674 758 727 et
773 663 989 730 distractionis
1004 666 1156 751 patiatur.

206 951 341 999 QUALIS
360 953 442 996 ESSE
461 955 608 998 DEBEA'I'
626 955 857 1000 PRAEPOSITUS
875 955 1097 1000 GENERALIS.

129 1208 143 1263 l
173 1201 289 1266 Iuruu
314 1203 405 1267 dotes
430 1204 542 1284 varias,
569 1205 688 1290 quibus
712 1205 818 1269 ornari
845 1205 1061 1290 Praepositum
1089 1206 1197 1270 Gene-

171 1313 280 1393 ralem,
304 1317 484 1400 optandum
507 1325 567 1397 est,
589 1318 735 1381 omnium
757 1317 862 1402 prima
883 1320 954 1383 haec
975 1319 1054 1396 erit;
1075 1324 1112 1383 ul
1127 1341 1196 1384 cum

170 1426 237 1490 Deo
260 1448 299 1491 uc
312 1429 446 1492 Domino
468 1436 576 1492 nostro
599 1431 692 1512 quum
713 1432 847 1494 monime
869 1432 1061 1512 coujunctos,
1083 1439 1115 1496 et
1135 1433 1196 1515 fo-

170 1540 304 1602 milioria
320 1541 433 1603 tamin
449 1543 600 1619 oratioue,
616 1543 708 1624 quom
722 1543 757 1605 iu
772 1543 911 1606 omnibus
932 1545 999 1606 eois
1021 1545 1195 1608 actionibus

170 1653 235 1725 εἰη
258 1663 296 1715 ut
312 1674 350 1716 eo
366 1652 496 1716 uberius
513 1653 650 1739 abipso,
666 1654 796 1717 utboni
812 1654 913 1718 totius
928 1655 1029 1734 fonte,
1045 1655 1195 1721 universo

170 1764 296 1848 corpori
320 1764 489 1829 Societatis
513 1765 734 1830 abundantem
759 1766 929 1845 donorum,
954 1789 991 1830 ac
1017 1768 1193 1853 gratiarum

170 1874 237 1959 ejus
267 1875 559 1961 participationem,
589 1899 626 1940 ac
656 1877 797 1940 multum
826 1878 954 1959 valoris,
985 1891 1016 1943 et
1045 1880 1194 1945 efficaciae

169 1986 319 2050 omnibus
338 1987 401 2051 illis
423 1987 613 2067 rationibus
629 1988 747 2073 quibus
771 1989 812 2052 ad
835 1988 1015 2053 animarum
1037 1990 1192 2055 auxilium

168 2105 287 2178 utetur,
301 2099 463 2184 impetret.

128 2216 146 2271 2
168 2209 328 2290 Secunda,
348 2223 386 2276 ut
407 2213 456 2277 vir
476 2214 529 2293 sit,
551 2212 644 2300 eujus
666 2214 700 2278 in
724 2215 812 2279 omni
832 2214 989 2280 virtutum
1005 2236 1121 2299 genere
1137 2237 1192 2278 ex-

168 2323 311 2408 emplum
326 2323 467 2409 reliquos
483 2327 523 2390 de
540 2326 699 2390 Societate
717 2326 829 2411 juvet3
860 2348 897 2389 ac
918 2325 1082 2411 praecipue
1103 2326 1138 2389 in
1154 2348 1192 2391 eo

167 2436 319 2521 splendor
343 2438 508 2503 charitatis
531 2461 607 2524 erga
629 2462 741 2504 omnes
765 2439 941 2524 proximos,
967 2439 1053 2504 etin
1077 2438 1191 2524 primis

166 2570 242 2633 erga
256 2548 461 2629 Societatem,
478 2573 514 2614 ac
533 2573 616 2615 verae
639 2551 841 2630 humilitatis,
857 2573 929 2635 quae
945 2553 1017 2615 Deo
1040 2558 1073 2614 et
1086 2551 1191 2615 homi-

165 2659 261 2723 nibus
277 2660 447 2725 amabilem
463 2684 537 2725 eum
552 2662 700 2741 reddant,
716 2662 758 2725 sit
774 2661 980 2746 conspicuus.

126 2778 144 2834 3
166 2771 265 2837 Liber
287 2774 385 2838 etiam
412 2775 453 2838 ab
477 2775 628 2838 omnibus
658 2774 850 2838 inordinatis
874 2775 1109 2855 affectionibus,
1132 2797 1192 2859 per

165 2883 301 2969 gratiam
328 2885 392 2949 Dei
415 2885 564 2949 edomitis
595 2893 627 2949 et
656 2885 869 2964 mortificatis
896 2886 938 2950 sit
968 2897 1117 2971 oportet3
1148 2907 1189 2949 ne

165 2994 299 3059 interius
331 2995 493 3081 judicium
523 2997 656 3061 rationis
686 2996 889 3081 perturbent,
919 3008 951 3059 et
981 3008 1019 3059 ut
1049 2996 1189 3060 exterius

165 3115 231 3169 tam
252 3106 294 3170 sit
315 3108 525 3193 compositus,
545 3119 578 3172 et
601 3109 636 3171 in
658 3109 820 3193 loquendo
840 3106 1019 3192 praesertim
1041 3117 1109 3170 tam
1128 3107 1188 3170 oir-

166 3225 372 3302 cunspectus,
390 3229 428 3282 ut
450 3219 484 3282 in
511 3241 548 3284 eo
574 3218 666 3298 nihil,
693 3241 734 3282 ne
755 3218 891 3284 verbum
914 3217 1056 3302 quidem,
1082 3218 1187 3281 notari

165 3330 277 3413 possit,
298 3328 387 3415 quod
410 3354 477 3396 non
497 3332 539 3395 ad
564 3315 810 3395 aedificationem
838 3331 903 3394 sive
924 3352 1046 3408 eorum,
1066 3329 1123 3413 qui
1145 3330 1185 3392 de

167 3440 324 3507 Societate
346 3454 423 3508 sunt
446 3443 576 3527 (quibus
600 3441 733 3528 speculi,
755 3455 788 3506 et
810 3443 1000 3528 exemplaris
1022 3442 1093 3505 loco
1116 3462 1186 3505 esse

167 3553 269 3636 debet)
289 3555 354 3619 sive
370 3566 576 3619 externorum
591 3555 697 3618 faciat.

130 3670 147 3727 l
166 3665 383 3733 Nihilominus
405 3691 442 3734 eo
464 3670 561 3734 modo
583 3668 730 3733 didicerit
751 3668 991 3746 rectitudinem,
1013 3688 1049 3730 ac
1069 3666 1185 3730 severi·

165 3783 260 3843 tatem
286 3780 498 3845 necessariam
532 3803 607 3844 cum
640 3779 840 3865 benignitate
870 3790 903 3843 et
936 3777 1185 3841 mansuetudine

165 3889 303 3972 miscere,
330 3902 367 3955 ut
389 3914 449 3956 nec
480 3914 514 3955 se
546 3891 633 3955 flecti
664 3892 749 3955 sinat
780 3890 820 3954 ab
854 3912 902 3969 eo,
933 3889 1022 3973 quod
1047 3889 1119 3952 Deo
1145 3908 1183 3951 ac

166 4000 302 4067 Domino
325 4014 437 4068 nostro
459 4002 581 4088 gratius
603 4003 670 4067 fore
687 4000 900 4088 judicaverit:
929 4011 961 4065 et
984 4009 1092 4064 tamen
1108 3997 1184 4066 filiis.

1156 4312 1293 4432 t*
