2646 4732
493 363 585 410 rens
609 366 736 411 suurn.
1118 351 1155 424 71

130 527 190 612 nis,
213 531 302 616 quod
325 531 435 596 divina
458 533 560 617 gretie
582 533 738 617 consequi
757 532 932 618 possimus,
952 534 986 596 in
1010 534 1158 599 absoluta

130 643 276 707 omniurn
303 641 586 708 Constitutionum
608 626 843 724 observatione,
866 645 1033 728 nostrique
1057 646 1157 709 Insti-

130 756 191 819 tuti
217 755 374 840 peculiari
399 755 523 821 ratione
551 757 759 843 adimplenda
787 758 1092 843 praetermittamus:
1123 769 1158 822 et

128 866 332 931 exactissime
362 889 475 931 omnes
505 890 620 932 nervos
643 868 761 934 virium
787 881 971 933 nostrarum
1001 868 1043 932 ad
1072 870 1157 933 hene

129 978 282 1042 virtutem
298 978 504 1044 Obedientiae
526 979 561 1042 in
582 980 695 1064 primis
712 982 847 1046 Summo
864 981 1025 1061 Pontifici,
1041 981 1157 1045 deinde

129 1089 359 1174 Superioribus
382 1089 552 1154 Societetic
574 1091 791 1156 exhibendam
813 1092 1021 1156 intendamus
1043 1092 1099 1172 ite,
1118 1105 1157 1156 ut

129 1200 281 1265 omnibus
296 1201 333 1264 in
346 1200 457 1280 rebus,
471 1202 513 1266 ad
528 1223 609 1286 ques
625 1214 734 1288 potest
749 1225 789 1268 ex
804 1203 959 1268 charitate
983 1225 1017 1268 se
1033 1203 1156 1268 Obedi-

129 1311 215 1375 entia
235 1311 424 1391 extendere,
444 1313 486 1377 ad
503 1311 573 1397 ejus
592 1335 705 1379 vocem
726 1314 871 1398 perinde,
886 1335 924 1378 oc
945 1317 974 1378 ei
993 1336 1013 1378 o
1032 1316 1156 1379 Christo
1258 1370 1262 1376 .

130 1425 261 1487 Domino
287 1425 489 1507 eyrederetor
520 1427 780 1507 (quondoquidem
808 1428 908 1508 ipsios
933 1428 1010 1505 loco,
1036 1448 1074 1491 oe
1092 1449 1156 1509 pro

130 1536 227 1616 quum
241 1556 350 1600 amore
364 1542 397 1600 et
417 1538 594 1601 reverentie
616 1537 823 1602 obedientiam
840 1543 1039 1619 prestamus)
1057 1538 1154 1622 quim
1216 1614 1220 1621 Ι

130 1645 364 1731 promptissimi
378 1646 491 1726 simus,
506 1669 540 1710 re
557 1647 681 1731 quavis,
697 1655 794 1732 etque
810 1647 889 1712 adeo
904 1647 1012 1712 littere
1027 1670 1046 1712 a
1060 1647 1154 1712 nobie

130 1757 280 1822 inchoate
308 1779 370 1823 nec
399 1757 479 1823 dum
509 1758 652 1844 perfecta
678 1759 786 1823 studio
816 1758 961 1822 celeriter
983 1758 1155 1823 obediendi

130 1867 255 1948 relictn3
279 1868 322 1934 ed
336 1890 412 1935 eum
427 1890 563 1954 scopum
582 1869 666 1935 vires
688 1891 801 1935 omnes
824 1891 861 1934 ac
883 1869 1099 1934 intentionem
1119 1869 1154 1932 in

99 2024 101 2029 -
130 1980 272 2046 Domino
286 1982 524 2061 convertend03
546 1993 585 2045 ut
599 1994 713 2047 sancte
728 1982 924 2047 Obcdientie
944 1994 1016 2046 tum
1030 1982 1065 2046 in
1080 2004 1154 2046 exe-

130 2092 268 2172 cutione,
283 2105 356 2158 tum
370 2092 405 2159 in
420 2094 598 2173 voluntate,
613 2105 684 2158 tum
700 2094 734 2158 iu
749 2094 916 2158 intellectu
939 2094 981 2159 sit
1002 2094 1038 2156 in
1059 2093 1154 2157 nobis

130 2226 254 2292 temper
274 2206 365 2271 omni
383 2228 424 2271 ex
445 2218 537 2292 parte
559 2208 703 2292 perfecto
714 2233 724 2287 3
746 2229 822 2272 eum
844 2229 963 2291 magna
982 2205 1154 2286 celeritate,

130 2316 294 2402 spirituali
312 2317 443 2402 gaudio,
469 2329 502 2383 et
527 2319 776 2404 perseverentia,
800 2317 956 2403 quicquid
985 2316 1080 2381 nobis
1103 2316 1153 2380 in-

127 2427 276 2513 junctum
300 2430 408 2509 fuerit,
432 2430 602 2510 obeund03
633 2435 737 2496 omnio
757 2432 852 2513 jueta
869 2451 945 2510 ecee,
965 2431 1053 2496 nobie
1076 2451 1154 2512 per·-

129 2543 283 2607 eudendo
293 2569 304 2616 ,·
334 2563 453 2606 meroem
474 2545 660 2607 seutentiam
682 2563 720 2608 oc
740 2543 899 2623 judicium
919 2549 1062 2606 oestrum
1082 2563 1154 2606 coo-

131 2657 263 2718 trorium
278 2675 358 2719 ecco
373 2654 508 2736 quodem
522 2655 697 2719 obedientie
712 2655 902 2737 obrwpoodo,
915 2667 950 2718 et
971 2653 1006 2717 id
1021 2653 1154 2738 quidem

130 2763 347 2845 inomnibue,
369 2786 443 2849 quae
465 2764 671 2849 aSuperiore
694 2765 924 2850 disponuntur,
946 2765 1005 2828 ubi
1026 2764 1154 2832 definiri

131 2896 195 2941 uon·
207 2876 314 2962 possit
335 2876 621 2961 (quemadmodum
643 2875 767 2940 dietum
788 2878 850 2960 est)
876 2877 1007 2960 aliquod
1028 2875 1153 2962 peccati

129 3008 231 3072 genus
254 2987 466 3054 intercedere.
510 2988 556 3051 Et
582 2987 644 3051 sibi
668 2988 805 3072 quisque
835 2988 1039 3072 persuadeat,
1064 2987 1153 3071 quod

128 3099 181 3184 qui
196 3099 265 3166 suh
276 3099 473 3166 obedientia
485 3099 612 3178 vivunt,
627 3121 661 3165 se
676 3099 752 3163 ferri
766 3120 804 3163 ac
818 3098 887 3184 regi
910 3119 928 3161 a
949 3098 1059 3162 divina
1075 3098 1153 3160 Pro·

131 3212 270 3279 videntia
284 3234 344 3298 per
359 3211 547 3297 Superiores
563 3234 639 3277 suos
655 3212 759 3278 sinere
775 3212 895 3276 debent
912 3211 1056 3292 periodo,
1071 3231 1109 3273 oc
1123 3212 1153 3272 ei

129 3325 261 3389 codooer
283 3331 395 3403 creent,
417 3323 507 3408 quod
530 3343 774 3407 quoquoversus
798 3322 884 3402 ferri,
904 3332 937 3386 et
959 3341 1152 3405 quacunque

131 3436 251 3502 ratione
265 3436 398 3503 tractari
412 3458 447 3503 ee
463 3436 560 3515 sinit3
590 3436 642 3501 vel
657 3436 813 3516 similiter,
834 3448 931 3520 atque
953 3434 1039 3501 senis
1059 3435 1153 3498 docu-

131 3549 185 3628 loe,
199 3548 270 3633 qui,
284 3548 483 3632 ubicunque,
498 3560 532 3613 et
547 3569 740 3633 quacunque
756 3548 790 3612 in
809 3571 842 3612 re
862 3548 939 3612 velit
961 3569 999 3612 eo
1021 3546 1081 3626 uti,
1096 3546 1152 3630 qui

129 3679 199 3723 eum
218 3681 321 3723 manu
344 3667 445 3740 tenet,
467 3659 496 3722 ei
522 3659 666 3725 inservit.
717 3660 770 3725 Sic
794 3660 880 3723 enim
905 3658 1059 3723 obediens
1081 3679 1149 3722 rem

131 3792 366 3856 quamcunque,
381 3771 434 3835 eui
449 3792 524 3836 eum
541 3772 694 3858 Superior
716 3773 757 3835 ed
779 3771 933 3837 auxilium
959 3771 1060 3835 totius
1082 3793 1153 3836 cor·

131 3883 212 3966 poris
228 3883 501 3969 congregationis
515 3883 593 3948 velit
614 3882 810 3969 impendere,
825 3904 900 3946 cum
923 3882 1022 3946 animi
1044 3882 1152 3946 hilari-

131 4002 190 4058 tate
206 3993 304 4058 debet
319 3994 446 4078 exequi,
461 4015 499 4058 ac
514 3996 636 4059 omniuo
652 3997 842 4072 eoietimore,
859 3994 947 4077 quod
968 4016 1007 4057 ea
1028 3993 1151 4057 ratione

132 4105 245 4188 potius,
261 4106 359 4191 quim
379 4128 413 4171 re
436 4106 497 4171 elia
519 4107 642 4192 quavis,
666 4129 763 4191 quam
780 4116 933 4191 proestare
953 4105 1056 4191 possit
1072 4127 1152 4188 pro-

582 4226 637 4281 nu
