2646 4732
518 363 609 408 anns
635 364 792 409 usurus.
1140 345 1201 420 127

180 534 268 598 tionis
286 541 423 619 vergant
449 536 497 616 (ut
525 534 570 598 sic
595 534 711 597 melius
737 531 898 596 observari
918 531 1057 616 possint)
1082 532 1204 596 medio-

170 645 267 709 critas
283 646 428 710 conferet
447 647 489 710 ad
512 645 725 723 durationem,
742 656 774 708 et
797 644 898 708 totius
921 643 1064 729 corporis
1087 644 1120 707 in
1145 667 1203 708 suo

179 769 260 822 statu
275 759 566 823 conservationem.

131 877 159 933 13
179 870 226 933 Ad
245 870 386 934 eundem
407 871 506 934 finem
526 869 633 948 faciet,
660 869 839 954 generatim
857 890 980 946 curare,
1003 879 1040 931 ut
1061 889 1151 931 amor
1172 875 1205 931 et

178 981 311 1044 charitas
343 981 489 1044 omnium
527 981 625 1044 etiam
662 992 870 1043 externorum
901 1002 977 1064 erga
1008 979 1204 1043 Societatem

177 1106 391 1173 conservetur,
422 1094 480 1166 sed
510 1116 620 1156 eorum
659 1094 851 1177 praesertim,
882 1114 1021 1176 quorum
1051 1092 1204 1156 voluntas

177 1205 253 1268 bene
269 1216 327 1269 aut
342 1205 424 1268 male
440 1205 475 1267 in
491 1226 550 1267 nos
566 1205 680 1267 affecta
701 1205 841 1267 multum
856 1203 955 1267 habet
977 1203 1144 1282 momenti,
1167 1215 1204 1267 ut

178 1316 280 1379 aditus
304 1316 346 1379 ad
373 1315 520 1381 divinum
552 1315 755 1399 obsequium,
782 1327 815 1378 et
842 1315 1022 1379 animarum
1049 1313 1204 1378 auxilium

178 1428 344 1512 aperiatur,
366 1427 417 1492 vel
435 1427 665 1512 praecludatur.
712 1428 753 1490 ln
775 1427 846 1512 ipsa
869 1449 943 1491 vero
967 1426 1127 1491 Societate
1149 1447 1205 1491 uec

178 1542 285 1602 ritaec
306 1542 465 1604 sentiatur
487 1542 666 1603 animorum
686 1542 852 1623 properatio
876 1540 919 1601 ad
934 1546 1063 1621 partem
1085 1541 1204 1603 alteru-

180 1657 255 1714 tram
277 1653 449 1734 factionis,
476 1675 549 1736 quae
576 1663 661 1716 esset
687 1652 834 1715 fortassis
857 1652 942 1715 inter
963 1651 1130 1737 Principes
1153 1651 1205 1716 vel

180 1762 332 1827 Dominos
350 1762 573 1842 Christianos3
597 1764 654 1826 scd
671 1763 714 1826 sit
729 1763 839 1848 potius
862 1763 994 1846 quidam
1014 1763 1203 1827 universalis

180 1895 271 1951 amor,
281 1874 337 1958 qui
352 1886 461 1960 partes
478 1897 590 1939 omnes
606 1875 693 1957 (licet
709 1875 771 1938 sibi
785 1874 924 1939 invicem
940 1875 1109 1938 contrariae
1122 1875 1199 1958 sint)

180 1984 208 2047 in
222 1987 365 2049 Domino
382 1999 494 2051 nostro
510 1986 734 2071 amplectatur.

137 2101 163 2158 ll
180 2097 298 2163 Juverit
313 2099 412 2163 etiam
427 2101 613 2163 moderatus
630 2112 662 2163 et
683 2101 827 2184 prudeus
850 2122 929 2163 usus
952 2101 1127 2183 gratiarum
1142 2122 1202 2185 per

181 2209 281 2273 sedem
290 2210 514 2295 Apostolicam
530 2232 768 2289 concessarum,
781 2211 880 2275 solius
896 2210 1005 2274 auxilii
1022 2211 1201 2274 animarum

181 2319 237 2384 fine
253 2321 478 2406 syncerissime
492 2321 588 2386 nobis
603 2323 781 2408 proposito.
815 2323 868 2387 Sic
884 2322 970 2387 enim
986 2322 1095 2386 divina
1109 2322 1203 2387 boni-

181 2445 222 2498 tas
242 2457 325 2521 opus
345 2436 407 2499 hoc
432 2437 520 2520 quod
543 2437 652 2521 coepit,
672 2437 896 2522 promovebit,
928 2459 964 2500 ac
986 2437 1093 2501 bonus
1114 2437 1203 2517 odor,

181 2546 228 2628 qui
253 2547 381 2610 veritati
410 2547 569 2612 bonorum
596 2570 731 2634 operum
757 2549 927 2626 innitatur,
950 2549 1120 2613 hominum
1148 2551 1202 2614 de-

180 2657 335 2722 votionem
352 2659 503 2744 augebit:
531 2671 569 2723 ut
592 2670 624 2724 et
647 2660 841 2724 aSoeietate
864 2660 927 2744 ipsi
944 2660 1063 2744 juvari,
1080 2673 1112 2726 et
1127 2685 1203 2726 ean-

181 2768 247 2832 dem
262 2769 304 2833 ad
318 2770 523 2855 propositum
540 2772 601 2835 sibi
617 2773 716 2836 finem
732 2772 879 2855 obsequii
902 2782 934 2835 et
957 2773 1067 2857 gloriae
1086 2774 1203 2839 divinae

181 2878 361 2966 Majestatis
379 2881 492 2967 juvare
509 2896 633 2947 curent.

135 2993 161 3050 15
181 2990 327 3057 Conferet
350 2994 458 3074 etiam,
480 2995 638 3060 rationem
663 2996 781 3060 habere
805 2996 1000 3060 valetudinis
1012 3023 1022 3075 3
1049 3010 1087 3061 ut
1109 3021 1146 3062 ea
1168 2999 1203 3061 in

178 3107 420 3189 particularibus
458 3120 690 3189 conservetur3
728 3110 1002 3193 quemadmodum
1037 3111 1132 3175 tertia
1167 3112 1202 3175 in

178 3230 262 3301 parte
279 3219 404 3282 dietum
420 3227 469 3283 est
478 3246 488 3300 3
513 3231 545 3284 et
560 3232 598 3284 ut
614 3221 745 3285 demum
761 3244 873 3285 omnes
890 3221 1105 3286 observationi
1115 3221 1201 3287 Con-

180 3330 382 3396 stitutionum
406 3333 558 3396 studeant
570 3359 580 3412 3
614 3334 656 3396 ad
686 3355 784 3417 quam
809 3334 938 3398 easdem
969 3333 1060 3413 scire,
1087 3335 1201 3398 saltem

180 3463 247 3524 quae
262 3443 304 3506 ad
320 3443 496 3526 quemlibet
511 3445 687 3530 pertinent,
703 3467 833 3509 necesse
849 3456 908 3510 est.
955 3447 1063 3512 Quare
1085 3445 1201 3531 legere,

180 3552 225 3616 vel
239 3554 349 3619 audire
365 3556 494 3621 easdem
510 3557 646 3642 siugulis
661 3557 829 3621 mensibus
845 3557 1017 3643 oportebit.

183 3763 299 3830 Octavo
316 3767 368 3830 die
384 3767 584 3853 Septembris
604 3776 698 3848 1558,
714 3770 845 3834 nomine
862 3768 1057 3833 sanctissimi
1066 3768 1201 3834 Domini

186 3877 281 3940 nostri
297 3878 389 3941 Pauli
406 3880 502 3963 Papae
525 3880 631 3965 quarti
655 3880 813 3946 allocutus
837 3892 885 3944 est
902 3880 1201 3945 Reverendissimus

184 3986 354 4055 Cardinalis
379 3992 615 4077 Neapolitanus
640 4017 694 4058 eos
719 4016 842 4074 omnes,
867 3994 923 4077 qui
949 3993 1202 4080 congregationi
