<?xml version="1.0" encoding="UTF-8"?>
<!DOCTYPE html PUBLIC "-//W3C//DTD XHTML 1.0 Transitional//EN"
    "http://www.w3.org/TR/xhtml1/DTD/xhtml1-transitional.dtd">
<html xmlns="http://www.w3.org/1999/xhtml" xml:lang="en" lang="en">
 <head>
  <title>
</title>
<meta http-equiv="Content-Type" content="text/html;charset=utf-8" />
  <meta name='ocr-system' content='tesseract 3.04.00' />
  <meta name='ocr-capabilities' content='ocr_page ocr_carea ocr_par ocr_line ocrx_word'/>
</head>
<body>
  <div class='ocr_page' id='page_1' title='image "./constitutioness00unkngoog_0052.png"; bbox 0 0 2646 4732; ppageno 0'>
   <div class='ocr_carea' id='block_1_1' title="bbox 510 383 1189 442">
    <p class='ocr_par' dir='ltr' id='par_1_1' title="bbox 510 383 1189 442">
     <span class='ocr_line' id='line_1_1' title="bbox 510 383 1189 442; baseline 0.01 -7"><span class='ocrx_word' id='word_1_1' title='bbox 510 393 602 436; x_wconf 75' lang='lat' dir='ltr'><strong>unns</strong></span> <span class='ocrx_word' id='word_1_2' title='bbox 626 393 789 440; x_wconf 71' lang='lat' dir='ltr'><strong>cunnus.</strong></span> <span class='ocrx_word' id='word_1_3' title='bbox 1147 383 1189 442; x_wconf 84' lang='grc'><strong>39</strong></span> 
     </span>
    </p>
   </div>
   <div class='ocr_carea' id='block_1_2' title="bbox 126 558 1195 2896">
    <p class='ocr_par' dir='ltr' id='par_1_2' title="bbox 130 558 1190 1206">
     <span class='ocr_line' id='line_1_2' title="bbox 130 558 1190 651; baseline 0.006 -28"><span class='ocrx_word' id='word_1_4' title='bbox 130 558 276 643; x_wconf 68' lang='grc' dir='ltr'><strong>41111ᾳυὶ</strong></span> <span class='ocrx_word' id='word_1_5' title='bbox 309 558 503 644; x_wconf 82' lang='lat' dir='ltr'><strong>(cujusmodi</strong></span> <span class='ocrx_word' id='word_1_6' title='bbox 541 583 610 626; x_wconf 91' lang='lat' dir='ltr'><strong>esse</strong></span> <span class='ocrx_word' id='word_1_7' title='bbox 640 574 774 647; x_wconf 80' lang='lat' dir='ltr'>possent</span> <span class='ocrx_word' id='word_1_8' title='bbox 805 562 1016 648; x_wconf 74' lang='lat' dir='ltr'><strong>coadjutores</strong></span> <span class='ocrx_word' id='word_1_9' title='bbox 1045 564 1103 643; x_wconf 88' lang='lat' dir='ltr'><strong>illi,</strong></span> <span class='ocrx_word' id='word_1_10' title='bbox 1133 565 1190 651; x_wconf 93' lang='lat' dir='ltr'><strong>qui</strong></span> 
     </span>
     <span class='ocr_line' id='line_1_3' title="bbox 166 671 1189 759; baseline 0.006 -24"><span class='ocrx_word' id='word_1_11' title='bbox 166 672 269 757; x_wconf 88' lang='lat' dir='ltr'><strong>legere</strong></span> <span class='ocrx_word' id='word_1_12' title='bbox 300 694 368 735; x_wconf 93' lang='lat' dir='ltr'><strong>non</strong></span> <span class='ocrx_word' id='word_1_13' title='bbox 399 671 593 756; x_wconf 77' lang='lat' dir='ltr'><strong>didicerunt)</strong></span> <span class='ocrx_word' id='word_1_14' title='bbox 626 686 744 759; x_wconf 89' lang='lat' dir='ltr'><strong>praeter</strong></span> <span class='ocrx_word' id='word_1_15' title='bbox 774 675 923 756; x_wconf 82' lang='lat' dir='ltr'>Missam,</span> <span class='ocrx_word' id='word_1_16' title='bbox 952 677 1066 740; x_wconf 90' lang='lat' dir='ltr'><strong>horam</strong></span> <span class='ocrx_word' id='word_1_17' title='bbox 1092 677 1189 741; x_wconf 89' lang='lat' dir='ltr'><strong>etiam</strong></span> 
     </span>
     <span class='ocr_line' id='line_1_4' title="bbox 164 783 1189 852; baseline 0.005 -5"><span class='ocrx_word' id='word_1_18' title='bbox 164 805 263 848; x_wconf 88' lang='lat' dir='ltr'><strong>uuam</strong></span> <span class='ocrx_word' id='word_1_19' title='bbox 285 783 453 848; x_wconf 88' lang='lat' dir='ltr'><strong>recitando</strong></span> <span class='ocrx_word' id='word_1_20' title='bbox 476 785 611 849; x_wconf 78' lang='lat' dir='ltr'><strong>Bosario</strong></span> <span class='ocrx_word' id='word_1_21' title='bbox 632 786 684 850; x_wconf 89' lang='lat' dir='ltr'><strong>vel</strong></span> <span class='ocrx_word' id='word_1_22' title='bbox 700 786 836 851; x_wconf 87' lang='lat' dir='ltr'><strong>Coronae</strong></span> <span class='ocrx_word' id='word_1_23' title='bbox 860 788 969 852; x_wconf 88' lang='lat' dir='ltr'><strong>Beatae</strong></span> <span class='ocrx_word' id='word_1_24' title='bbox 987 788 1101 852; x_wconf 87' lang='lat' dir='ltr'><strong>Mariae</strong></span> <span class='ocrx_word' id='word_1_25' title='bbox 1116 788 1189 852; x_wconf 89' lang='lat' dir='ltr'><strong>Vir-</strong></span> 
     </span>
     <span class='ocr_line' id='line_1_5' title="bbox 165 897 1190 983; baseline 0.004 -23"><span class='ocrx_word' id='word_1_26' title='bbox 165 897 249 982; x_wconf 85' lang='lat' dir='ltr'>ginis</span> <span class='ocrx_word' id='word_1_27' title='bbox 266 919 342 961; x_wconf 91' lang='lat' dir='ltr'><strong>cum</strong></span> <span class='ocrx_word' id='word_1_28' title='bbox 358 897 481 982; x_wconf 88' lang='lat' dir='ltr'>duplici</span> <span class='ocrx_word' id='word_1_29' title='bbox 496 898 642 962; x_wconf 81' lang='lat' dir='ltr'><strong>examine</strong></span> <span class='ocrx_word' id='word_1_30' title='bbox 658 900 857 983; x_wconf 74' lang='lat' dir='ltr'><strong>quotidiam,</strong></span> <span class='ocrx_word' id='word_1_31' title='bbox 873 900 923 965; x_wconf 85' lang='lat' dir='ltr'><strong>vel</strong></span> <span class='ocrx_word' id='word_1_32' title='bbox 946 900 1015 964; x_wconf 89' lang='lat' dir='ltr'><strong>aliis</strong></span> <span class='ocrx_word' id='word_1_33' title='bbox 1038 901 1190 964; x_wconf 90' lang='lat' dir='ltr'><strong>orationi-</strong></span> 
     </span>
     <span class='ocr_line' id='line_1_6' title="bbox 164 1008 1188 1094; baseline 0.003 -22"><span class='ocrx_word' id='word_1_34' title='bbox 164 1009 226 1073; x_wconf 89' lang='lat' dir='ltr'><strong>bus</strong></span> <span class='ocrx_word' id='word_1_35' title='bbox 245 1031 307 1094; x_wconf 91' lang='lat' dir='ltr'><strong>pro</strong></span> <span class='ocrx_word' id='word_1_36' title='bbox 331 1008 488 1094; x_wconf 88' lang='lat' dir='ltr'><strong>cujusque</strong></span> <span class='ocrx_word' id='word_1_37' title='bbox 512 1009 692 1090; x_wconf 85' lang='lat' dir='ltr'><strong>devotione,</strong></span> <span class='ocrx_word' id='word_1_38' title='bbox 718 1023 757 1075; x_wconf 90' lang='lat' dir='ltr'><strong>ut</strong></span> <span class='ocrx_word' id='word_1_39' title='bbox 774 1013 814 1075; x_wconf 92' lang='lat' dir='ltr'><strong>de</strong></span> <span class='ocrx_word' id='word_1_40' title='bbox 837 1012 1044 1077; x_wconf 81' lang='lat' dir='ltr'><strong>Scholasticis</strong></span> <span class='ocrx_word' id='word_1_41' title='bbox 1065 1013 1188 1076; x_wconf 92' lang='lat' dir='ltr'><strong>dictum</strong></span> 
     </span>
     <span class='ocr_line' id='line_1_7' title="bbox 165 1121 443 1206; baseline 0.007 -23"><span class='ocrx_word' id='word_1_42' title='bbox 165 1133 224 1200; x_wconf 85' lang='lat' dir='ltr'><strong>est,</strong></span> <span class='ocrx_word' id='word_1_43' title='bbox 238 1121 443 1206; x_wconf 87' lang='lat' dir='ltr'><strong>impendent.</strong></span> 
     </span>
    </p>

    <p class='ocr_par' dir='ltr' id='par_1_3' title="bbox 126 1232 1193 2106">
     <span class='ocr_line' id='line_1_8' title="bbox 126 1232 1190 1319; baseline 0.003 -23"><span class='ocrx_word' id='word_1_44' title='bbox 126 1241 142 1296; x_wconf 88' lang='lat'><strong>5</strong></span> <span class='ocrx_word' id='word_1_45' title='bbox 165 1233 218 1296; x_wconf 88' lang='lat' dir='ltr'><strong>Ad</strong></span> <span class='ocrx_word' id='word_1_46' title='bbox 237 1232 420 1297; x_wconf 87' lang='lat' dir='ltr'><strong>devotionis</strong></span> <span class='ocrx_word' id='word_1_47' title='bbox 443 1245 666 1319; x_wconf 82' lang='lat' dir='ltr'><strong>augmentum,</strong></span> <span class='ocrx_word' id='word_1_48' title='bbox 688 1248 720 1298; x_wconf 90' lang='lat' dir='ltr'><strong>et</strong></span> <span class='ocrx_word' id='word_1_49' title='bbox 741 1235 782 1297; x_wconf 90' lang='lat' dir='ltr'><strong>ad</strong></span> <span class='ocrx_word' id='word_1_50' title='bbox 804 1235 1007 1299; x_wconf 84' lang='lat' dir='ltr'><strong>excitandam</strong></span> <span class='ocrx_word' id='word_1_51' title='bbox 1035 1258 1099 1319; x_wconf 89' lang='lat' dir='ltr'><strong>qua</strong></span> <span class='ocrx_word' id='word_1_52' title='bbox 1119 1236 1190 1299; x_wconf 91' lang='lat' dir='ltr'><strong>Deo</strong></span> 
     </span>
     <span class='ocr_line' id='line_1_9' title="bbox 166 1344 1189 1432; baseline 0.003 -24"><span class='ocrx_word' id='word_1_53' title='bbox 166 1344 313 1409; x_wconf 85' lang='lat' dir='ltr'><strong>obstricti</strong></span> <span class='ocrx_word' id='word_1_54' title='bbox 338 1359 427 1424; x_wconf 90' lang='lat' dir='ltr'><strong>sunt,</strong></span> <span class='ocrx_word' id='word_1_55' title='bbox 457 1345 663 1431; x_wconf 86' lang='lat' dir='ltr'><strong>obligationis</strong></span> <span class='ocrx_word' id='word_1_56' title='bbox 689 1345 887 1426; x_wconf 87' lang='lat' dir='ltr'><strong>memoriam,</strong></span> <span class='ocrx_word' id='word_1_57' title='bbox 914 1359 947 1410; x_wconf 90' lang='lat' dir='ltr'><strong>et</strong></span> <span class='ocrx_word' id='word_1_58' title='bbox 971 1347 1011 1410; x_wconf 93' lang='lat' dir='ltr'><strong>ad</strong></span> <span class='ocrx_word' id='word_1_59' title='bbox 1035 1347 1189 1432; x_wconf 88' lang='lat' dir='ltr'><strong>majorem</strong></span> 
     </span>
     <span class='ocr_line' id='line_1_10' title="bbox 166 1444 1189 1538; baseline 0.003 -18"><span class='ocrx_word' id='word_1_60' title='bbox 166 1457 370 1522; x_wconf 89' lang='lat' dir='ltr'><strong>studentium</strong></span> <span class='ocrx_word' id='word_1_61' title='bbox 391 1456 425 1521; x_wconf 91' lang='lat' dir='ltr'><strong>in</strong></span> <span class='ocrx_word' id='word_1_62' title='bbox 449 1478 508 1521; x_wconf 89' lang='lat' dir='ltr'><strong>sua</strong></span> <span class='ocrx_word' id='word_1_63' title='bbox 524 1444 691 1522; x_wconf 84' lang='lat' dir='ltr'><strong>¹vocatione</strong></span> <span class='ocrx_word' id='word_1_64' title='bbox 714 1459 1003 1538; x_wconf 86' lang='lat' dir='ltr'><strong>confirmationem,</strong></span> <span class='ocrx_word' id='word_1_65' title='bbox 1020 1459 1070 1523; x_wconf 91' lang='lat' dir='ltr'><strong>bis</strong></span> <span class='ocrx_word' id='word_1_66' title='bbox 1096 1460 1189 1523; x_wconf 90' lang='lat' dir='ltr'><strong>annis</strong></span> 
     </span>
     <span class='ocr_line' id='line_1_11' title="bbox 166 1569 1190 1655; baseline 0.001 -23"><span class='ocrx_word' id='word_1_67' title='bbox 166 1569 315 1655; x_wconf 85' lang='lat' dir='ltr'><strong>singulis,</strong></span> <span class='ocrx_word' id='word_1_68' title='bbox 330 1569 365 1632; x_wconf 90' lang='lat' dir='ltr'><strong>in</strong></span> <span class='ocrx_word' id='word_1_69' title='bbox 380 1570 471 1634; x_wconf 90' lang='lat' dir='ltr'><strong>festis</strong></span> <span class='ocrx_word' id='word_1_70' title='bbox 489 1569 639 1634; x_wconf 91' lang='lat' dir='ltr'><strong>videlicet</strong></span> <span class='ocrx_word' id='word_1_71' title='bbox 655 1571 923 1651; x_wconf 87' lang='lat' dir='ltr'><strong>Resurrectionis,</strong></span> <span class='ocrx_word' id='word_1_72' title='bbox 938 1593 975 1636; x_wconf 89' lang='lat' dir='ltr'><strong>ac</strong></span> <span class='ocrx_word' id='word_1_73' title='bbox 990 1571 1190 1649; x_wconf 87' lang='lat' dir='ltr'><strong>Nativitatis,</strong></span> 
     </span>
     <span class='ocr_line' id='line_1_12' title="bbox 166 1683 1193 1769; baseline 0.001 -23"><span class='ocrx_word' id='word_1_74' title='bbox 166 1684 322 1766; x_wconf 70' lang='lat' dir='ltr'><strong>sinpliciu</strong></span> <span class='ocrx_word' id='word_1_75' title='bbox 347 1689 432 1762; x_wconf 83' lang='lat' dir='ltr'><strong>octa,</strong></span> <span class='ocrx_word' id='word_1_76' title='bbox 458 1705 531 1768; x_wconf 83' lang='lat' dir='ltr'><strong>quae</strong></span> <span class='ocrx_word' id='word_1_77' title='bbox 556 1683 652 1769; x_wconf 86' lang='lat' dir='ltr'><strong>juxta</strong></span> <span class='ocrx_word' id='word_1_78' title='bbox 674 1683 846 1748; x_wconf 85' lang='lat' dir='ltr'><strong>formulam</strong></span> <span class='ocrx_word' id='word_1_79' title='bbox 876 1684 910 1747; x_wconf 97' lang='lat' dir='ltr'><strong>in</strong></span> <span class='ocrx_word' id='word_1_80' title='bbox 938 1684 1063 1751; x_wconf 74' lang='lat' dir='ltr'><strong>Quinta</strong></span> <span class='ocrx_word' id='word_1_81' title='bbox 1087 1685 1193 1762; x_wconf 90' lang='lat' dir='ltr'><strong>Parte,</strong></span> 
     </span>
     <span class='ocr_line' id='line_1_13' title="bbox 167 1794 1191 1881; baseline 0.001 -22"><span class='ocrx_word' id='word_1_82' title='bbox 167 1795 270 1881; x_wconf 87' lang='lat' dir='ltr'><strong>capite</strong></span> <span class='ocrx_word' id='word_1_83' title='bbox 288 1795 349 1860; x_wconf 89' lang='lat' dir='ltr'><strong>IV.</strong></span> <span class='ocrx_word' id='word_1_84' title='bbox 365 1794 536 1860; x_wconf 86' lang='lat' dir='ltr'><strong>dicendam</strong></span> <span class='ocrx_word' id='word_1_85' title='bbox 552 1795 738 1874; x_wconf 91' lang='lat' dir='ltr'><strong>emiserunt,</strong></span> <span class='ocrx_word' id='word_1_86' title='bbox 755 1815 935 1880; x_wconf 82' lang='lat' dir='ltr'><strong>congruum</strong></span> <span class='ocrx_word' id='word_1_87' title='bbox 951 1797 1011 1860; x_wconf 90' lang='lat' dir='ltr'><strong>erit</strong></span> <span class='ocrx_word' id='word_1_88' title='bbox 1032 1818 1191 1860; x_wconf 81' lang='lat' dir='ltr'><strong>renovare.</strong></span> 
     </span>
     <span class='ocr_line' id='line_1_14' title="bbox 168 1906 1193 1993; baseline 0.001 -22"><span class='ocrx_word' id='word_1_89' title='bbox 168 1908 212 1972; x_wconf 84' lang='lat' dir='ltr'><strong>Et</strong></span> <span class='ocrx_word' id='word_1_90' title='bbox 226 1909 284 1992; x_wconf 92' lang='lat' dir='ltr'><strong>qui</strong></span> <span class='ocrx_word' id='word_1_91' title='bbox 298 1930 338 1972; x_wconf 93' lang='lat' dir='ltr'><strong>ea</strong></span> <span class='ocrx_word' id='word_1_92' title='bbox 358 1930 424 1972; x_wconf 91' lang='lat' dir='ltr'><strong>non</strong></span> <span class='ocrx_word' id='word_1_93' title='bbox 446 1906 616 1988; x_wconf 86' lang='lat' dir='ltr'><strong>emisisset,</strong></span> <span class='ocrx_word' id='word_1_94' title='bbox 636 1919 748 1972; x_wconf 88' lang='lat' dir='ltr'><strong>exacto</strong></span> <span class='ocrx_word' id='word_1_95' title='bbox 769 1907 900 1972; x_wconf 91' lang='lat' dir='ltr'><strong>biennio</strong></span> <span class='ocrx_word' id='word_1_96' title='bbox 921 1908 1133 1993; x_wconf 89' lang='lat' dir='ltr'><strong>probationis,</strong></span> <span class='ocrx_word' id='word_1_97' title='bbox 1154 1920 1193 1972; x_wconf 89' lang='lat' dir='ltr'><strong>ut</strong></span> 
     </span>
     <span class='ocr_line' id='line_1_15' title="bbox 168 2019 746 2106; baseline 0 -22"><span class='ocrx_word' id='word_1_98' title='bbox 168 2020 201 2084; x_wconf 92' lang='lat' dir='ltr'><strong>in</strong></span> <span class='ocrx_word' id='word_1_99' title='bbox 215 2020 377 2084; x_wconf 76' lang='lat' dir='ltr'><strong>Examina</strong></span> <span class='ocrx_word' id='word_1_100' title='bbox 392 2020 595 2106; x_wconf 88' lang='lat' dir='ltr'><strong>proponitur,</strong></span> <span class='ocrx_word' id='word_1_101' title='bbox 611 2019 746 2084; x_wconf 88' lang='lat' dir='ltr'><strong>emittet.</strong></span> 
     </span>
    </p>

    <p class='ocr_par' dir='ltr' id='par_1_4' title="bbox 134 2133 1195 2896">
     <span class='ocr_line' id='line_1_16' title="bbox 134 2133 1193 2220; baseline -0.002 -22"><span class='ocrx_word' id='word_1_102' title='bbox 134 2140 151 2198; x_wconf 86' lang='grc'>6</span> <span class='ocrx_word' id='word_1_103' title='bbox 171 2135 252 2200; x_wconf 80' lang='lat' dir='ltr'><strong>cum</strong></span> <span class='ocrx_word' id='word_1_104' title='bbox 277 2135 320 2199; x_wconf 87' lang='lat' dir='ltr'><strong>ad</strong></span> <span class='ocrx_word' id='word_1_105' title='bbox 345 2135 493 2220; x_wconf 89' lang='lat' dir='ltr'><strong>publicas</strong></span> <span class='ocrx_word' id='word_1_106' title='bbox 516 2134 651 2199; x_wconf 83' lang='lat' dir='ltr'><strong>Scholas</strong></span> <span class='ocrx_word' id='word_1_107' title='bbox 675 2134 819 2199; x_wconf 91' lang='lat' dir='ltr'><strong>eundum</strong></span> <span class='ocrx_word' id='word_1_108' title='bbox 846 2133 906 2198; x_wconf 90' lang='lat' dir='ltr'><strong>erit</strong></span> <span class='ocrx_word' id='word_1_109' title='bbox 933 2136 1019 2218; x_wconf 92' lang='lat' dir='ltr'><strong>(nam</strong></span> <span class='ocrx_word' id='word_1_110' title='bbox 1042 2133 1104 2197; x_wconf 90' lang='lat' dir='ltr'><strong>alia</strong></span> <span class='ocrx_word' id='word_1_111' title='bbox 1122 2133 1193 2197; x_wconf 91' lang='lat' dir='ltr'><strong>loca</strong></span> 
     </span>
     <span class='ocr_line' id='line_1_17' title="bbox 171 2245 1191 2333; baseline -0.002 -22"><span class='ocrx_word' id='word_1_112' title='bbox 171 2247 295 2333; x_wconf 86' lang='lat' dir='ltr'><strong>injussu</strong></span> <span class='ocrx_word' id='word_1_113' title='bbox 312 2246 523 2333; x_wconf 86' lang='lat' dir='ltr'><strong>Superiorum</strong></span> <span class='ocrx_word' id='word_1_114' title='bbox 539 2269 606 2311; x_wconf 92' lang='lat' dir='ltr'><strong>non</strong></span> <span class='ocrx_word' id='word_1_115' title='bbox 620 2247 745 2332; x_wconf 90' lang='lat' dir='ltr'><strong>petent)</strong></span> <span class='ocrx_word' id='word_1_116' title='bbox 764 2258 840 2311; x_wconf 89' lang='lat' dir='ltr'><strong>eant</strong></span> <span class='ocrx_word' id='word_1_117' title='bbox 855 2257 887 2309; x_wconf 91' lang='lat' dir='ltr'><strong>et</strong></span> <span class='ocrx_word' id='word_1_118' title='bbox 901 2246 1035 2309; x_wconf 86' lang='lat' dir='ltr'><strong>redeant</strong></span> <span class='ocrx_word' id='word_1_119' title='bbox 1054 2245 1191 2310; x_wconf 91' lang='lat' dir='ltr'><strong>invicem</strong></span> 
     </span>
     <span class='ocr_line' id='line_1_18' title="bbox 172 2357 1194 2442; baseline -0.003 -19"><span class='ocrx_word' id='word_1_120' title='bbox 172 2359 320 2425; x_wconf 88' lang='lat' dir='ltr'><strong>associati</strong></span> <span class='ocrx_word' id='word_1_121' title='bbox 336 2381 411 2423; x_wconf 91' lang='lat' dir='ltr'><strong>cum</strong></span> <span class='ocrx_word' id='word_1_122' title='bbox 426 2381 464 2423; x_wconf 88' lang='lat' dir='ltr'><strong>ea</strong></span> <span class='ocrx_word' id='word_1_123' title='bbox 483 2358 643 2423; x_wconf 89' lang='lat' dir='ltr'><strong>modestia</strong></span> <span class='ocrx_word' id='word_1_124' title='bbox 663 2359 806 2423; x_wconf 88' lang='lat' dir='ltr'><strong>interiori</strong></span> <span class='ocrx_word' id='word_1_125' title='bbox 829 2380 866 2422; x_wconf 89' lang='lat' dir='ltr'><strong>ac</strong></span> <span class='ocrx_word' id='word_1_126' title='bbox 888 2357 1048 2438; x_wconf 89' lang='lat' dir='ltr'><strong>exteriori,</strong></span> <span class='ocrx_word' id='word_1_127' title='bbox 1063 2378 1137 2442; x_wconf 87' lang='lat' dir='ltr'><strong>quae</strong></span> <span class='ocrx_word' id='word_1_128' title='bbox 1152 2357 1194 2421; x_wconf 89' lang='lat' dir='ltr'><strong>ad</strong></span> 
     </span>
     <span class='ocr_line' id='line_1_19' title="bbox 173 2469 1193 2550; baseline 0 -15"><span class='ocrx_word' id='word_1_129' title='bbox 173 2471 220 2536; x_wconf 90' lang='lat' dir='ltr'><strong>sui</strong></span> <span class='ocrx_word' id='word_1_130' title='bbox 234 2482 267 2537; x_wconf 94' lang='lat' dir='ltr'><strong>et</strong></span> <span class='ocrx_word' id='word_1_131' title='bbox 282 2471 420 2535; x_wconf 88' lang='lat' dir='ltr'><strong>aliorum</strong></span> <span class='ocrx_word' id='word_1_132' title='bbox 435 2470 682 2536; x_wconf 75' lang='lat' dir='ltr'><strong>edificationem</strong></span> <span class='ocrx_word' id='word_1_133' title='bbox 691 2471 889 2550; x_wconf 73' lang='lat' dir='ltr'><strong>conveniat,</strong></span> <span class='ocrx_word' id='word_1_134' title='bbox 913 2482 946 2534; x_wconf 95' lang='lat' dir='ltr'><strong>et</strong></span> <span class='ocrx_word' id='word_1_135' title='bbox 968 2493 1079 2535; x_wconf 94' lang='lat' dir='ltr'><strong>eorum</strong></span> <span class='ocrx_word' id='word_1_136' title='bbox 1095 2469 1193 2535; x_wconf 90' lang='lat' dir='ltr'><strong>collo·</strong></span> 
     </span>
     <span class='ocr_line' id='line_1_20' title="bbox 173 2584 1195 2670; baseline -0.003 -20"><span class='ocrx_word' id='word_1_137' title='bbox 173 2585 244 2670; x_wconf 91' lang='lat' dir='ltr'><strong>quia</strong></span> <span class='ocrx_word' id='word_1_138' title='bbox 261 2606 340 2649; x_wconf 91' lang='lat' dir='ltr'><strong>cum</strong></span> <span class='ocrx_word' id='word_1_139' title='bbox 363 2584 570 2650; x_wconf 86' lang='lat' dir='ltr'><strong>Scholasticis</strong></span> <span class='ocrx_word' id='word_1_140' title='bbox 590 2584 730 2649; x_wconf 86' lang='lat' dir='ltr'><strong>externis</strong></span> <span class='ocrx_word' id='word_1_141' title='bbox 756 2586 821 2648; x_wconf 91' lang='lat' dir='ltr'><strong>sint</strong></span> <span class='ocrx_word' id='word_1_142' title='bbox 848 2584 951 2648; x_wconf 76' lang='lat' dir='ltr'><strong>solum</strong></span> <span class='ocrx_word' id='word_1_143' title='bbox 972 2585 1012 2649; x_wconf 90' lang='lat' dir='ltr'><strong>de</strong></span> <span class='ocrx_word' id='word_1_144' title='bbox 1033 2584 1130 2649; x_wconf 90' lang='lat' dir='ltr'><strong>rebus</strong></span> <span class='ocrx_word' id='word_1_145' title='bbox 1154 2585 1195 2647; x_wconf 91' lang='lat' dir='ltr'><strong>ad</strong></span> 
     </span>
     <span class='ocr_line' id='line_1_21' title="bbox 173 2696 1195 2783; baseline -0.001 -23"><span class='ocrx_word' id='word_1_146' title='bbox 173 2697 293 2762; x_wconf 84' lang='lat' dir='ltr'><strong>litteras</strong></span> <span class='ocrx_word' id='word_1_147' title='bbox 312 2697 364 2762; x_wconf 88' lang='lat' dir='ltr'><strong>vel</strong></span> <span class='ocrx_word' id='word_1_148' title='bbox 389 2698 570 2783; x_wconf 80' lang='lat' dir='ltr'><strong>profectum</strong></span> <span class='ocrx_word' id='word_1_149' title='bbox 590 2697 723 2782; x_wconf 88' lang='lat' dir='ltr'><strong>spiritus</strong></span> <span class='ocrx_word' id='word_1_150' title='bbox 745 2696 1005 2782; x_wconf 90' lang='lat' dir='ltr'><strong>pertinentibus;</strong></span> <span class='ocrx_word' id='word_1_151' title='bbox 1033 2708 1131 2782; x_wconf 90' lang='lat' dir='ltr'><strong>prout</strong></span> <span class='ocrx_word' id='word_1_152' title='bbox 1154 2697 1195 2759; x_wconf 91' lang='lat' dir='ltr'><strong>ad</strong></span> 
     </span>
     <span class='ocr_line' id='line_1_22' title="bbox 174 2809 1158 2896; baseline -0.001 -23"><span class='ocrx_word' id='word_1_153' title='bbox 174 2809 323 2895; x_wconf 87' lang='lat' dir='ltr'><strong>majorem</strong></span> <span class='ocrx_word' id='word_1_154' title='bbox 340 2810 404 2874; x_wconf 91' lang='lat' dir='ltr'><strong>Dei</strong></span> <span class='ocrx_word' id='word_1_155' title='bbox 419 2809 554 2896; x_wconf 86' lang='lat' dir='ltr'><strong>gloriam</strong></span> <span class='ocrx_word' id='word_1_156' title='bbox 570 2809 721 2873; x_wconf 91' lang='lat' dir='ltr'><strong>omnibus</strong></span> <span class='ocrx_word' id='word_1_157' title='bbox 736 2809 848 2873; x_wconf 85' lang='lat' dir='ltr'><strong>utilius</strong></span> <span class='ocrx_word' id='word_1_158' title='bbox 864 2809 931 2873; x_wconf 87' lang='lat' dir='ltr'><strong>fore</strong></span> <span class='ocrx_word' id='word_1_159' title='bbox 947 2809 1158 2895; x_wconf 87' lang='lat' dir='ltr'><strong>judicabitur.</strong></span> 
     </span>
    </p>
   </div>
   <div class='ocr_carea' id='block_1_3' title="bbox 235 3104 1067 3263">
    <p class='ocr_par' dir='ltr' id='par_1_5' title="bbox 235 3104 1067 3263">
     <span class='ocr_line' id='line_1_23' title="bbox 235 3104 1067 3165; baseline -0.006 -12"><span class='ocrx_word' id='word_1_160' title='bbox 235 3108 284 3153; x_wconf 76' lang='lat' dir='ltr'><strong>DE</strong></span> <span class='ocrx_word' id='word_1_161' title='bbox 301 3105 504 3165; x_wconf 69' lang='lat' dir='ltr'><strong>nocuimus,</strong></span> <span class='ocrx_word' id='word_1_162' title='bbox 521 3106 584 3150; x_wconf 84' lang='lat' dir='ltr'><strong>cul</strong></span> <span class='ocrx_word' id='word_1_163' title='bbox 602 3104 841 3150; x_wconf 74' lang='lat' dir='ltr'><strong>scflohnsrlcl</strong></span> <span class='ocrx_word' id='word_1_164' title='bbox 857 3104 1067 3149; x_wconf 76' lang='lat' dir='ltr'><strong>soclnrnrls</strong></span> 
     </span>
     <span class='ocr_line' id='line_1_24' title="bbox 482 3214 826 3263; baseline -0.006 -1"><span class='ocrx_word' id='word_1_165' title='bbox 482 3214 650 3263; x_wconf 68' lang='lat' dir='ltr'>STUDERE</span> <span class='ocrx_word' id='word_1_166' title='bbox 668 3216 826 3261; x_wconf 77' lang='lat' dir='ltr'><strong>DEBENT.</strong></span> 
     </span>
    </p>
   </div>
   <div class='ocr_carea' id='block_1_4' title="bbox 572 3321 735 3386">
    <p class='ocr_par' dir='ltr' id='par_1_6' title="bbox 572 3321 735 3386">
     <span class='ocr_line' id='line_1_25' title="bbox 572 3321 735 3386; baseline -0.018 0"><span class='ocrx_word' id='word_1_167' title='bbox 572 3321 671 3386; x_wconf 87' lang='lat' dir='ltr'><strong>CAP.</strong></span> <span class='ocrx_word' id='word_1_168' title='bbox 693 3321 735 3384; x_wconf 87' lang='lat' dir='ltr'><strong>V.</strong></span> 
     </span>
    </p>
   </div>
   <div class='ocr_carea' id='block_1_5' title="bbox 142 3446 1196 4299">
    <p class='ocr_par' dir='ltr' id='par_1_7' title="bbox 142 3446 1196 4299">
     <span class='ocr_line' id='line_1_26' title="bbox 142 3446 1195 3534; baseline -0.002 -21"><span class='ocrx_word' id='word_1_169' title='bbox 142 3450 252 3515; x_wconf 76' lang='lat' dir='ltr'><strong>lCinr</strong></span> <span class='ocrx_word' id='word_1_170' title='bbox 284 3450 451 3529; x_wconf 77' lang='lat' dir='ltr'><strong>doctrinae,</strong></span> <span class='ocrx_word' id='word_1_171' title='bbox 482 3471 554 3534; x_wconf 87' lang='lat' dir='ltr'><strong>quae</strong></span> <span class='ocrx_word' id='word_1_172' title='bbox 584 3448 618 3512; x_wconf 93' lang='lat' dir='ltr'><strong>in</strong></span> <span class='ocrx_word' id='word_1_173' title='bbox 648 3448 710 3511; x_wconf 88' lang='lat' dir='ltr'><strong>hac</strong></span> <span class='ocrx_word' id='word_1_174' title='bbox 741 3446 900 3511; x_wconf 84' lang='lat' dir='ltr'><strong>Societate</strong></span> <span class='ocrx_word' id='word_1_175' title='bbox 931 3446 1118 3525; x_wconf 85' lang='lat' dir='ltr'><strong>addiscitur,</strong></span> <span class='ocrx_word' id='word_1_176' title='bbox 1142 3446 1195 3511; x_wconf 90' lang='lat' dir='ltr'><strong>hic</strong></span> 
     </span>
     <span class='ocr_line' id='line_1_27' title="bbox 175 3558 1196 3650; baseline -0.008 -21"><span class='ocrx_word' id='word_1_177' title='bbox 175 3584 291 3650; x_wconf 85' lang='lat' dir='ltr'><strong>scopus</strong></span> <span class='ocrx_word' id='word_1_178' title='bbox 305 3563 360 3643; x_wconf 89' lang='lat' dir='ltr'><strong>sit,</strong></span> <span class='ocrx_word' id='word_1_179' title='bbox 380 3561 447 3627; x_wconf 89' lang='lat' dir='ltr'><strong>suis</strong></span> <span class='ocrx_word' id='word_1_180' title='bbox 468 3571 501 3626; x_wconf 92' lang='lat' dir='ltr'><strong>et</strong></span> <span class='ocrx_word' id='word_1_181' title='bbox 523 3560 744 3646; x_wconf 87' lang='lat' dir='ltr'><strong>proximorum</strong></span> <span class='ocrx_word' id='word_1_182' title='bbox 768 3558 884 3622; x_wconf 89' lang='lat' dir='ltr'><strong>animis</strong></span> <span class='ocrx_word' id='word_1_183' title='bbox 901 3558 966 3622; x_wconf 92' lang='lat' dir='ltr'><strong>Dei</strong></span> <span class='ocrx_word' id='word_1_184' title='bbox 984 3558 1091 3624; x_wconf 85' lang='lat' dir='ltr'><strong>favore</strong></span> <span class='ocrx_word' id='word_1_185' title='bbox 1111 3559 1196 3643; x_wconf 90' lang='lat' dir='ltr'><strong>aspi-</strong></span> 
     </span>
     <span class='ocr_line' id='line_1_28' title="bbox 174 3669 1196 3762; baseline -0.005 -21"><span class='ocrx_word' id='word_1_186' title='bbox 174 3686 262 3741; x_wconf 87' lang='lat' dir='ltr'><strong>rante</strong></span> <span class='ocrx_word' id='word_1_187' title='bbox 276 3675 452 3762; x_wconf 86' lang='lat' dir='ltr'><strong>prodesse3</strong></span> <span class='ocrx_word' id='word_1_188' title='bbox 473 3673 545 3737; x_wconf 87' lang='lat' dir='ltr'><strong>haec</strong></span> <span class='ocrx_word' id='word_1_189' title='bbox 559 3673 621 3736; x_wconf 88' lang='lat' dir='ltr'><strong>erit</strong></span> <span class='ocrx_word' id='word_1_190' title='bbox 634 3672 666 3735; x_wconf 93' lang='lat' dir='ltr'><strong>in</strong></span> <span class='ocrx_word' id='word_1_191' title='bbox 684 3671 871 3735; x_wconf 87' lang='lat' dir='ltr'><strong>universum</strong></span> <span class='ocrx_word' id='word_1_192' title='bbox 886 3682 919 3735; x_wconf 91' lang='lat' dir='ltr'><strong>et</strong></span> <span class='ocrx_word' id='word_1_193' title='bbox 940 3671 973 3734; x_wconf 93' lang='lat' dir='ltr'><strong>in</strong></span> <span class='ocrx_word' id='word_1_194' title='bbox 997 3669 1196 3756; x_wconf 82' lang='lat' dir='ltr'><strong>particulari-</strong></span> 
     </span>
     <span class='ocr_line' id='line_1_29' title="bbox 172 3781 1195 3874; baseline -0.007 -21"><span class='ocrx_word' id='word_1_195' title='bbox 172 3789 232 3853; x_wconf 88' lang='lat' dir='ltr'><strong>bus</strong></span> <span class='ocrx_word' id='word_1_196' title='bbox 250 3786 400 3874; x_wconf 86' lang='lat' dir='ltr'><strong>personis</strong></span> <span class='ocrx_word' id='word_1_197' title='bbox 425 3805 587 3865; x_wconf 86' lang='lat' dir='ltr'><strong>mensura,</strong></span> <span class='ocrx_word' id='word_1_198' title='bbox 612 3805 652 3848; x_wconf 88' lang='lat' dir='ltr'><strong>ex</strong></span> <span class='ocrx_word' id='word_1_199' title='bbox 678 3805 742 3868; x_wconf 87' lang='lat' dir='ltr'><strong>qua</strong></span> <span class='ocrx_word' id='word_1_200' title='bbox 768 3782 887 3867; x_wconf 91' lang='lat' dir='ltr'><strong>quibus</strong></span> <span class='ocrx_word' id='word_1_201' title='bbox 908 3781 1118 3848; x_wconf 84' lang='lat' dir='ltr'><strong>facultatibus</strong></span> <span class='ocrx_word' id='word_1_202' title='bbox 1138 3784 1195 3848; x_wconf 88' lang='lat' dir='ltr'><strong>ad·</strong></span> 
     </span>
     <span class='ocr_line' id='line_1_30' title="bbox 173 3893 1196 3980; baseline -0.008 -14"><span class='ocrx_word' id='word_1_203' title='bbox 173 3899 333 3966; x_wconf 85' lang='lat' dir='ltr'><strong>discendis</strong></span> <span class='ocrx_word' id='word_1_204' title='bbox 347 3897 452 3963; x_wconf 84' lang='lat' dir='ltr'><strong>nostri</strong></span> <span class='ocrx_word' id='word_1_205' title='bbox 466 3895 664 3975; x_wconf 85' lang='lat' dir='ltr'><strong>incumbere,</strong></span> <span class='ocrx_word' id='word_1_206' title='bbox 679 3907 712 3958; x_wconf 90' lang='lat' dir='ltr'><strong>et</strong></span> <span class='ocrx_word' id='word_1_207' title='bbox 734 3915 902 3979; x_wconf 90' lang='lat' dir='ltr'><strong>quousque</strong></span> <span class='ocrx_word' id='word_1_208' title='bbox 924 3893 957 3956; x_wconf 93' lang='lat' dir='ltr'><strong>in</strong></span> <span class='ocrx_word' id='word_1_209' title='bbox 979 3893 1025 3957; x_wconf 91' lang='lat' dir='ltr'><strong>eis</strong></span> <span class='ocrx_word' id='word_1_210' title='bbox 1045 3895 1196 3980; x_wconf 84' lang='lat' dir='ltr'><strong>progredi</strong></span> 
     </span>
     <span class='ocr_line' id='line_1_31' title="bbox 171 4006 1195 4094; baseline -0.008 -15"><span class='ocrx_word' id='word_1_211' title='bbox 171 4013 319 4092; x_wconf 88' lang='lat' dir='ltr'><strong>debeant,</strong></span> <span class='ocrx_word' id='word_1_212' title='bbox 329 4019 500 4075; x_wconf 85' lang='lat' dir='ltr'><strong>statuatur.</strong></span> <span class='ocrx_word' id='word_1_213' title='bbox 545 4009 590 4071; x_wconf 86' lang='lat' dir='ltr'><strong>Et</strong></span> <span class='ocrx_word' id='word_1_214' title='bbox 610 4008 686 4094; x_wconf 90' lang='lat' dir='ltr'><strong>quia</strong></span> <span class='ocrx_word' id='word_1_215' title='bbox 701 4007 878 4093; x_wconf 85' lang='lat' dir='ltr'><strong>generatim</strong></span> <span class='ocrx_word' id='word_1_216' title='bbox 892 4006 1066 4090; x_wconf 86' lang='lat' dir='ltr'><strong>loquendo,</strong></span> <span class='ocrx_word' id='word_1_217' title='bbox 1081 4007 1195 4071; x_wconf 87' lang='lat' dir='ltr'><strong>litterae</strong></span> 
     </span>
     <span class='ocr_line' id='line_1_32' title="bbox 170 4119 1193 4208; baseline -0.009 -16"><span class='ocrx_word' id='word_1_218' title='bbox 170 4127 376 4194; x_wconf 86' lang='lat' dir='ltr'><strong>humaniores</strong></span> <span class='ocrx_word' id='word_1_219' title='bbox 392 4123 590 4190; x_wconf 86' lang='lat' dir='ltr'><strong>diversarum</strong></span> <span class='ocrx_word' id='word_1_220' title='bbox 603 4122 800 4208; x_wconf 91' lang='lat' dir='ltr'><strong>linguarum,</strong></span> <span class='ocrx_word' id='word_1_221' title='bbox 816 4120 938 4206; x_wconf 88' lang='lat' dir='ltr'><strong>Logica</strong></span> <span class='ocrx_word' id='word_1_222' title='bbox 951 4119 1076 4199; x_wconf 90' lang='lat' dir='ltr'><strong>itidem,</strong></span> <span class='ocrx_word' id='word_1_223' title='bbox 1088 4120 1193 4184; x_wconf 89' lang='lat' dir='ltr'><strong>Natu-</strong></span> 
     </span>
     <span class='ocr_line' id='line_1_33' title="bbox 624 4242 683 4299; baseline -0.034 0"><span class='ocrx_word' id='word_1_224' title='bbox 624 4242 683 4299; x_wconf 77' lang='lat' dir='ltr'><strong>na</strong></span> 
     </span>
    </p>
   </div>
   <div class='ocr_carea' id='block_1_6' title="bbox 1203 4312 1307 4448">
    <p class='ocr_par' dir='ltr' id='par_1_8' title="bbox 1203 4312 1307 4448">
     <span class='ocr_line' id='line_1_34' title="bbox 1203 4312 1307 4448; baseline 0 0"><span class='ocrx_word' id='word_1_225' title='bbox 1203 4312 1307 4448; x_wconf 74' lang='grc' dir='ltr'><em>Ι</em></span> 
     </span>
    </p>
   </div>
   <div class='ocr_carea' id='block_1_7' title="bbox 0 0 1336 4732">
    <p class='ocr_par' dir='ltr' id='par_1_9' title="bbox 0 0 1336 4732">
     <span class='ocr_line' id='line_1_35' title="bbox 0 0 1336 4732; baseline 0 0"><span class='ocrx_word' id='word_1_226' title='bbox 0 0 1336 4732; x_wconf 95' lang='lat' dir='ltr'><strong> </strong></span> 
     </span>
    </p>
   </div>
  </div>
 </body>
</html>
