2646 4732
523 374 615 419 anns
638 374 785 418 enarra.
1139 359 1179 418 31

161 543 338 633 posuerint,
359 543 389 606 ei
409 552 511 606 totam
537 562 649 606 curam
672 541 717 604 rei
742 538 895 624 expositae
915 539 1119 625 relinquant:
1150 552 1183 607 et

163 656 318 743 quicquid
331 655 384 720 ille
400 652 559 732 statuerit,
575 652 736 738 optimum
751 646 890 730 ducant3
912 673 973 714 nec
989 655 1182 720 contendere

163 776 216 833 aut
226 789 343 853 urgere
357 788 417 852 per
431 787 465 829 se
479 764 533 829 vel
545 763 645 827 alium
659 762 737 846 (sive
748 762 944 826 concedatur
953 763 1040 846 quod
1050 764 1183 849 petitur,

164 881 225 944 sive
246 878 327 961 non)
352 887 514 964 pergant:
547 874 809 959 quandoquidem
832 873 892 937 sibi
913 875 1105 958 persuadere
1128 877 1183 941 de-

162 993 249 1071 bent,
271 992 308 1054 id
330 989 434 1074 magis
458 987 606 1074 expedire
633 987 675 1051 ad
701 986 847 1050 divinum
872 987 1126 1072 bene-placitum
1146 1011 1183 1054 ac

164 1126 256 1168 suum
281 1101 389 1188 majus
413 1101 548 1179 bonum,
578 1099 666 1183 quod
692 1097 867 1183 Superiori,
895 1120 929 1162 re
953 1099 1126 1181 intellecto,
1149 1102 1184 1166 in

165 1215 307 1278 Domino
322 1213 428 1278 visum
443 1211 549 1275 fiterit.

131 1335 146 1390 l
164 1328 332 1392 Statuatur
353 1336 482 1409 tempus
504 1323 631 1402 edendi,
647 1322 799 1402 cubandi,
814 1325 978 1408 surgendi,
993 1324 1081 1408 quod
1096 1347 1183 1389 com-

164 1439 307 1504 muniter
320 1459 433 1502 omnes
448 1436 629 1501 observent.

129 1559 145 1614 3
165 1551 202 1615 ln
216 1551 269 1629 iis,
285 1571 360 1634 quae
375 1549 417 1612 ad
430 1548 563 1627 victum,
577 1548 742 1627 vestitum,
758 1559 790 1612 et
811 1548 1054 1628 habitationem,
1069 1561 1102 1613 et
1123 1551 1185 1615 alia

163 1661 288 1748 corpori
302 1659 483 1724 necessaria
496 1659 671 1744 pertinent,
687 1667 817 1723 curetur
832 1681 907 1724 cum
922 1660 1032 1725 divino
1047 1661 1183 1743 auxili03

162 1786 197 1837 ut
218 1772 358 1857 quanvis
381 1771 434 1850 sit,
455 1771 489 1834 in
510 1793 574 1854 quo
596 1770 751 1856 probetur
771 1772 885 1851 virtus,
900 1783 932 1836 et
947 1772 998 1837 sui
1011 1774 1117 1858 ipsiusv
1129 1776 1185 1840 ab·

162 1884 303 1970 negatio,
317 1905 384 1948 non
400 1882 483 1947 desit
504 1894 625 1960 tamen,
647 1905 712 1966 quo
735 1895 934 1948 sustentetur
956 1892 1081 1965 natura,
1096 1898 1129 1950 et
1144 1888 1186 1954 ad

162 1995 308 2060 divinum
323 1983 515 2078 obsequium
537 1993 729 2078 laudemque
752 2007 968 2075 conservetur,
983 1995 1094 2061 habita
1108 2019 1185 2062 con-

162 2105 305 2171 venienti
318 2106 443 2169 ratione
457 2127 668 2191 personarum
684 2105 719 2169 in
734 2106 888 2170 Domino.
911 2150 913 2155 »

126 2227 143 2281 4
162 2219 208 2284 Ut
224 2241 292 2283 non
308 2217 439 2303 expedit
454 2228 545 2281 tanto
561 2216 668 2281 labore
684 2218 841 2303 corporali
856 2238 1040 2301 quenquam
1049 2221 1184 2301 onerari,

164 2343 200 2394 ut
221 2329 356 2415 spiritus
381 2329 547 2408 obruatur,
573 2340 605 2393 et
630 2351 747 2414 corpus
772 2329 1000 2392 detrimentum
1024 2329 1186 2415 patiatur,

162 2442 206 2506 ita
232 2441 342 2526 aliqua
366 2440 540 2526 corporalis
570 2440 765 2520 exercitati0,
795 2462 867 2524 quae
891 2447 1055 2527 utrunque
1080 2441 1185 2526 juvet,

163 2554 315 2619 omnibus
335 2553 549 2618 communiter
570 2553 732 2632 convenit,
752 2552 849 2617 etiam
869 2553 943 2633 illis,
963 2554 1020 2638 qui
1038 2557 1186 2620 mentali-

163 2668 224 2732 bus
255 2666 415 2731 exercitiis
440 2664 559 2733 debent
586 2665 732 2729 insistere
743 2690 754 2744 3
788 2688 861 2749 quae
886 2666 1017 2750 quidem
1047 2669 1186 2734 externis

164 2779 358 2864 interrumpi
373 2779 537 2858 deberent,
548 2789 581 2842 et
596 2800 662 2842 ιιοιι
678 2777 869 2857 continuari,
880 2800 940 2842 nec
956 2779 1024 2844 sine
1035 2804 1187 2846 mensura

163 2890 367 2956 discretionis
383 2890 514 2954 assumi.

128 3009 145 3063 5
166 3002 319 3088 Corporis
340 3002 507 3088 castigatio
528 3003 739 3067 immoderata
757 3025 826 3067 esse
845 3025 912 3069 non
933 3003 1039 3084 debet,
1060 3028 1119 3070 nec
1137 3007 1186 3070 in-

166 3115 304 3179 discreta
317 3115 352 3178 in
367 3114 483 3200 vigiliis
504 3126 535 3178 et
556 3115 769 3194 abstinentiis
790 3127 823 3179 et
845 3115 913 3179 aliis
931 3116 1129 3201 poenitentiis
1149 3140 1186 3182 ac

166 3225 329 3291 laboribus
346 3225 506 3305 exterma,
529 3242 602 3310 quae
617 3237 649 3290 et
665 3234 898 3291 nocumentum
920 3228 1041 3306 afferre,
1064 3239 1096 3291 et
1118 3251 1186 3292 ma-

163 3334 232 3419 jora
244 3337 334 3400 bona
347 3337 504 3422 impedire
519 3338 633 3402 solent.
678 3337 758 3402 Ideo
781 3360 839 3402 suo
856 3338 1059 3404 Confessario
1079 3340 1186 3425 detegi

168 3449 205 3512 ab
227 3470 426 3535 unoquoque
453 3449 602 3513 convenit
633 3450 787 3535 quicquid
812 3451 846 3513 in
870 3452 931 3514 hac
953 3463 1045 3536 parte
1070 3450 1185 3531 faciat3

168 3562 221 3645 qui
247 3562 276 3626 si
301 3561 428 3646 judicat
452 3562 562 3625 excedi
582 3584 779 3642 mensuram,
805 3574 862 3626 aut
885 3565 971 3628 certe
995 3564 1122 3627 dubitat
1146 3564 1186 3627 de

168 3695 310 3752 excessu,
339 3673 421 3737 illud
449 3674 491 3737 ad
521 3673 724 3759 Superiorem
759 3675 913 3739 remittat.
959 3676 1040 3738 Haec
1078 3687 1187 3740 autem

168 3785 275 3849 omnia
290 3808 329 3850 eo
346 3786 431 3849 fiunt
440 3811 450 3865 3
479 3796 517 3848 ut
537 3785 653 3849 clarius
667 3788 870 3871 procedatur,
886 3799 918 3850 et
932 3786 967 3850 in
982 3787 1097 3851 animis
1117 3811 1187 3853 cor·

170 3895 363 3981 paribusque
392 3897 512 3962 nostris
541 3898 613 3963 Deo
644 3898 786 3962 Domino
816 3910 926 3962 nostro
956 3897 1058 3984 major
1087 3900 1188 3985 gloria

171 4007 338 4072 deferatur.

136 4119 219 4183 cSit
248 4119 364 4205 aliquis
394 4121 493 4201 domi,
521 4122 579 4206 qui
607 4123 718 4208 praesit
743 4123 779 4188 in
801 4122 851 4202 iis,
875 4142 948 4206 quae
974 4122 1016 4185 ad
1045 4122 1187 4207 corporis
