2646 4732
520 357 612 400 rans
637 357 769 400 amus.
1153 345 1192 402 13

162 524 254 602 bitur,
270 523 481 586 diversantur
491 547 501 601 3
524 533 562 585 ut
577 521 611 583 id
634 521 789 606 temporis
813 521 853 584 de
875 521 926 600 iis,
942 542 1015 605 quae
1030 523 1196 607 pertinent

161 635 201 698 ad
229 634 441 712 Societatem,
475 633 523 697 illi
560 633 711 697 certiores
747 632 950 711 reddantur3
989 645 1021 697 et
1053 635 1196 700 Societas

162 749 289 812 eosdem
305 747 438 832 plenius
453 746 488 810 in
504 746 649 810 Domino
665 757 777 810 nostro
793 757 979 830 cognoscat.

129 867 143 922 t
163 859 201 923 In
215 861 301 922 hanc
318 859 467 938 domum,
481 880 555 943 quae
576 859 690 943 primae
708 858 912 922 Probationis
928 858 1056 937 dicitur,
1071 858 1197 923 facilius

163 969 289 1033 admitti
319 980 472 1055 possunt,
502 969 560 1053 qui
589 969 624 1033 id
654 980 795 1054 optant3
830 970 857 1032 si
888 967 972 1033 clare
1002 970 1044 1033 ad
1075 971 1139 1034 Dei
1165 984 1198 1035 et

165 1081 297 1144 Domini
321 1080 426 1143 nostri
448 1080 563 1144 JESU
587 1080 711 1144 Christi
734 1080 927 1163 obsequium
950 1081 1057 1144 idonei
1080 1082 1114 1145 in
1137 1083 1197 1145 hac

167 1193 326 1257 Societate
341 1215 412 1256 esse
427 1192 633 1271 viderentur3
660 1205 693 1257 et
715 1194 838 1272 contra,
861 1194 917 1277 qui
940 1194 1024 1257 clare
1039 1216 1106 1258 non
1129 1216 1198 1259 esse

168 1305 242 1369 tales
265 1315 486 1384 cernerentur,
508 1305 643 1369 consilio
670 1306 713 1388 (et
735 1305 844 1389 siquid
862 1306 950 1368 aliud
966 1307 1106 1370 charitas
1123 1330 1199 1391 sug-

169 1416 257 1500 gerit)
282 1415 401 1501 adjuti,
431 1427 469 1480 ut
499 1416 575 1481 alibi
605 1417 677 1480 Deo
708 1438 746 1479 ac
770 1416 914 1480 Domino
945 1428 1057 1480 nostro
1082 1418 1199 1481 servire

122 1578 124 1584 -
170 1542 290 1610 curent,
306 1530 417 1594 statim
434 1530 555 1594 dimitti
569 1509 735 1616 poterunt.

138 1643 267 1708 auucd
288 1642 316 1706 si
339 1664 390 1706 res
412 1664 479 1706 non
501 1653 586 1706 esset
608 1642 762 1707 Societati
781 1654 848 1705 tam
869 1642 964 1719 clara,
986 1643 1082 1727 quam
1106 1665 1200 1728 opor·
1225 1675 1226 1678 ¹

172 1766 273 1834 teret3
306 1756 481 1839 postquam
512 1755 568 1838 qui
598 1755 727 1823 admitti
753 1756 855 1839 cupit,
879 1756 1081 1819 voluntatem
1108 1778 1200 1820 suam

171 1868 383 1952 proposuerit,
398 1877 431 1930 et
446 1867 486 1930 de
501 1866 614 1951 primis
634 1867 876 1952 impedimentis
900 1868 1051 1931 decenter
1065 1868 1201 1932 interro-

173 1989 262 2062 gatus
276 1978 386 2058 fuerit,
402 2000 563 2042 summam
586 1979 689 2043 nostri
707 1979 861 2058 instituti,
876 1980 1148 2064 probationesque
1165 2002 1201 2043 ac

175 2090 387 2169 difficultates,
404 2090 526 2174 quaein
542 2113 579 2154 ea
595 2102 683 2170 sunt,
699 2090 894 2155 intellexerit
903 2117 913 2169 ;
936 2092 1073 2173 quanvis
1096 2093 1202 2154 effica-

175 2201 247 2264 citer
269 2201 451 2265 desiderare
469 2201 616 2266 videatur
634 2202 668 2266 in
690 2202 885 2266 Societatem
908 2199 1100 2279 admitti,'ut
1115 2200 1150 2262 in
1166 2224 1203 2264 ea

175 2312 327 2396 perpetuo
350 2311 437 2376 vivat
465 2313 565 2396 (quod
589 2313 720 2396 quidem
747 2313 775 2377 si
799 2314 937 2390 deesset,
963 2322 1001 2374 ut
1025 2311 1202 2396 plurimum

176 2445 265 2487 nemo
280 2425 323 2487 ad
335 2423 563 2489 Probationem
575 2425 703 2489 admitti
718 2425 861 2507 deberet)
873 2446 1067 2509 responsum
1082 2435 1203 2505 tamen,

177 2556 208 2598 ac
223 2535 411 2599 deliberatio
433 2535 549 2599 ultima
571 2535 760 2620 aliquandiu
783 2536 967 2614 differatur3
999 2546 1037 2599 ut
1063 2558 1101 2600 eo
1122 2547 1204 2600 tem-

177 2668 247 2729 pore
265 2668 319 2710 res
339 2646 456 2710 melius
480 2646 685 2725 considerari,
706 2659 739 2710 et
757 2648 829 2711 Deo
851 2647 1070 2711 commendari
1090 2649 1204 2732 possit,

179 2779 210 2820 ac
224 2757 394 2842 diligentia
409 2757 604 2822 conveniens
619 2758 783 2837 adhiberi3
807 2769 844 2822 ut
859 2757 964 2842 magis
979 2771 1205 2842 cognoscatur,

180 2880 206 2931 et
219 2879 256 2932 ut
272 2869 314 2932 de
329 2867 400 2953 ejus
415 2869 598 2934 constantia
612 2870 794 2955 periculum
806 2870 873 2933 fiat.
913 2870 1084 2935 Quantum
1096 2881 1205 2934 autem

180 2979 293 3044 differri
317 2991 475 3066 oporteat,
501 2993 535 3045 et
558 3004 632 3066 quac
659 2982 826 3067 diligentia
848 2981 890 3045 sit
912 2975 1106 3060 adhibenda,
1128 3005 1206 3067 pru-

181 3091 264 3156 denti
294 3092 545 3157 considerationi
575 3093 673 3172 illius,
703 3094 759 3179 qui
797 3093 990 3158 admittendi
1018 3094 1205 3156 facultatem

180 3203 273 3269 habet
292 3204 544 3288 relinquendum
568 3217 638 3282 est;
671 3206 729 3290 qui
752 3228 880 3291 semper
902 3205 990 3290 quod
1010 3206 1082 3268 Deo
1102 3206 1205 3289 magis

180 3315 301 3398 placere
316 3315 448 3400 poterit,
464 3315 655 3381 intuebitur.

145 3433 160 3488 4
181 3427 357 3512 Postquam
376 3427 411 3491 in
435 3427 580 3492 Domino
606 3440 777 3509 statuetur,
801 3430 890 3513 qubd
917 3427 1206 3493 adprobationem
1239 3509 1242 3512 ἦ

178 3538 318 3622 aliquem
338 3538 467 3603 admitti
493 3540 682 3620 conveniat3
717 3540 819 3604 solitis
839 3540 1041 3605 vestimentis
1061 3539 1207 3618 indutus,

178 3660 233 3713 aut
256 3671 318 3735 pro
343 3648 500 3734 cujusque
526 3651 697 3717 devotione
723 3651 796 3735 (aiei
826 3654 914 3716 aliud
935 3652 1099 3734 Superiori
1123 3652 1208 3715 oide-

177 3761 273 3844 ditar)
291 3761 420 3846 ingredi
441 3762 571 3847 poterit,
587 3774 619 3827 et
641 3763 676 3826 in
698 3762 854 3848 praedicta
870 3760 1073 3827 Probationis
1089 3763 1208 3843 Domo,

176 3894 235 3936 seu
255 3873 291 3936 in
313 3873 386 3937 loco
409 3873 451 3937 ad
471 3873 506 3937 id
527 3874 689 3939 destinato
712 3887 749 3940 ut
769 3877 888 3960 hospes
911 3873 1147 3954 constituetur3
1172 3896 1209 3938 ac

175 3983 348 4070 postridie,
367 3987 529 4069 quomodo
549 4009 588 4050 eo
613 3987 648 4051 in
669 3988 740 4052 loco
765 4011 797 4052 se
824 4008 932 4072 gerere
956 3987 1083 4066 debeat,
1105 3987 1134 4049 ei
1155 3986 1210 4049 de-

176 4096 367 4174 clarabitur,
398 4119 435 4160 ac
464 4099 668 4180 nominatim,
698 4123 738 4165 ne
768 4100 878 4178 verbo,
908 4109 964 4162 aut
988 4099 1109 4183 scripto
1139 4099 1211 4178 (oiri
