2646 4732
115 355 156 412 62
491 365 815 410 consnrnumonou

178 531 298 618 poterit
303 556 312 611 3
328 543 366 594 ut
377 530 451 594 cirm
467 531 613 594 omnium
629 531 805 594 sententias
821 528 968 609 audierit,
977 528 1105 610 melius,
1117 527 1205 614 quod

179 643 340 722 convenit,
356 642 543 707 constituat.
940 724 942 728 Ι

136 757 155 832 7
178 754 251 820 Erit
267 755 428 840 Syndicus
444 776 530 818 unus
545 753 714 838 generalis,
726 754 783 838 qui
798 763 865 818 tam
880 754 920 817 de
935 754 1094 839 personis,
1106 752 1203 838 quim

178 866 329 930 derebus
348 865 400 949 (de
422 865 541 950 quibus
561 865 733 948 videbitur)
752 867 924 929 Rectorem
939 876 972 928 et
987 864 1203 950 Praepositum

179 979 411 1043 Provincialem
427 985 460 1042 et
476 977 668 1042 Generalem
684 978 877 1056 admoncat3
900 977 1103 1061 quiquidem
1119 976 1204 1062 Syn-

178 1091 270 1155 dicus
285 1090 335 1156 vir
348 1112 476 1176 magnae
491 1089 655 1154 fidelitatis
671 1100 703 1152 et
721 1089 836 1174 judicii
859 1111 928 1153 esse
943 1088 1092 1153 debebit:
1117 1090 1204 1153 Prae-

177 1211 227 1268 ter
241 1204 341 1283 hunc,
358 1225 434 1267 suos
448 1202 581 1266 habebit
598 1201 758 1287 Syndicos
779 1201 988 1287 particulares
1004 1203 1142 1265 Rector:
1166 1214 1203 1266 ut

178 1338 251 1400 quae
267 1315 379 1400 quavis
399 1315 434 1378 in
454 1314 555 1378 classe
576 1313 761 1392 acciderint,
779 1312 897 1396 quibus
918 1313 1086 1398 providere
1108 1335 1203 1398 opor-

177 1437 254 1507 teat,
281 1426 323 1490 ad
347 1426 456 1512 ipsum
480 1426 630 1490 referant.
674 1425 722 1489 Et
743 1431 783 1488 nt
807 1427 874 1507 ipae
900 1426 938 1488 de
957 1425 1095 1488 omnibns
1114 1426 1202 1488 Proe-

177 1540 363 1621 ceptoribos,
386 1546 418 1602 et
444 1540 518 1602 aliia
542 1540 580 1601 de
603 1537 761 1601 Societote
772 1564 783 1611 ;
817 1539 865 1599 tto
888 1543 920 1600 et
945 1537 1155 1615 Coltoterotia,
1171 1544 1203 1601 et

178 1649 344 1733 Spodicoa,
360 1656 391 1713 et
410 1650 591 1713 Consiliorii
607 1650 644 1712 de
658 1651 737 1731 ipso,
753 1650 837 1712 etde
857 1649 931 1711 aliia
952 1649 1088 1711 scribent
1109 1651 1204 1712 semet

176 1765 308 1845 nopotis
329 1765 420 1831 nouis
437 1763 610 1844 Proposito
629 1762 786 1840 Generali,
808 1767 841 1824 et
863 1761 909 1824 bis
927 1762 1133 1839 Provincioli,
1149 1763 1202 1842 qni

180 1875 361 1938 Generotem
378 1875 419 1951 (ai
435 1875 512 1956 qaid
524 1875 711 1956 oportuerit)
726 1872 923 1936 admonebit:
947 1882 986 1934 ut
999 1871 1034 1933 in
1050 1871 1200 1935 omnibus

176 1985 291 2070 majori
320 2008 395 2048 cum
425 1984 701 2070 circunspectione
732 1996 765 2048 et
794 2005 871 2048 cura
907 1983 1084 2069 praestandi
1114 1984 1201 2068 quod

176 2097 313 2182 quisque
328 2097 435 2177 debet,
450 2096 654 2182 procedatur.

133 2215 152 2270 8
176 2209 228 2272 De
252 2207 414 2293 aliquibus
442 2207 603 2293 insigniis,
627 2228 707 2270 num
737 2205 783 2269 eis
814 2206 944 2284 Rector,
970 2204 1200 2286 cancellariae,

176 2319 304 2398 Bidelli,
328 2320 498 2397 Doctores,
522 2330 555 2382 et
579 2317 742 2402 Magistri,
764 2328 803 2379 ut
827 2316 862 2379 in
883 2315 1101 2380 Universitate
1124 2339 1200 2402 cog-

175 2442 363 2508 noscantur,
377 2430 429 2493 vel
445 2430 530 2493 certe
545 2429 580 2491 in
595 2427 876 2514 actibuspublicis
897 2428 947 2491 uti
970 2427 1120 2507 debeant,
1139 2451 1199 2493 nec

164 2562 227 2621 ne,
254 2552 286 2605 et
312 2541 340 2604 si
364 2547 510 2619 utantur,
540 2538 648 2624 qualia
677 2562 746 2604 esse
777 2539 926 2619 debeant,
951 2539 1199 2604 considerationi

176 2650 344 2715 Generalis
368 2664 447 2715 tunc
474 2651 651 2731 existentis,
678 2653 753 2714 oiim
779 2651 886 2735 aliqua
916 2650 1119 2715 Universitas
1143 2652 1197 2715 ad-

174 2763 326 2843 mittitur,
340 2763 549 2847 relinquetur.
594 2764 653 2828 Ille
676 2775 785 2827 autem
802 2785 861 2849 per
883 2785 927 2842 se,
942 2762 994 2826 vel
1014 2785 1073 2847 pcr
1089 2763 1198 2842 alium,

176 2875 324 2960 expensis
354 2875 605 2956 circunstantiis,
632 2878 719 2961 quod
750 2874 944 2961 judicaverit
973 2875 1014 2938 ad
1043 2875 1197 2960 majorem

175 2987 239 3050 Dei
264 2987 398 3072 gloriam
425 3000 457 3052 et
480 2988 682 3073 obsequium,
708 3000 741 3053 et
770 2988 893 3052 bonum
922 2987 1101 3051 universale
1131 2988 1198 3051 fore

119 3186 121 3190 Α
178 3098 246 3181 (qui
260 3099 377 3164 unicus
392 3121 510 3184 scopus
525 3099 559 3164 in
574 3102 635 3164 hac
651 3111 683 3165 et
697 3103 732 3164 in
747 3099 897 3164 omnibus
911 3099 1009 3164 rebus
1024 3098 1119 3163 nobis
1135 3099 1195 3180 est)

175 3213 361 3278 constituet.
