2646 4732
443 370 535 427 plns
560 371 723 420 nunnrn.
1085 363 1124 420 35

75 614 122 659 DE
140 616 201 676 118,
218 617 303 665 QUAE
321 618 372 661 An
389 616 637 663 ADMITTENDA
654 622 699 663 ET
716 621 988 668 RELINQUENDA
1006 622 1091 666 COL-

122 730 250 788 LEGIA,
267 730 313 773 ΕΤ
330 714 460 774 EORUM
478 732 545 774 RES
562 732 806 775 TEMPORALES
825 733 1047 777 PnanNnN'r.

503 836 600 902 CAP.
625 837 671 901 II.

63 964 156 1028 lAn
179 962 338 1049 collegia,
363 985 436 1047 quae
463 963 563 1028 libere
590 963 743 1028 Societati
766 963 955 1043 offeruntur,
975 976 1014 1028 ut
1034 964 1129 1050 juxta

102 1097 177 1139 suas
194 1073 457 1140 constitutiones
473 1075 606 1139 omnino
621 1075 668 1140 eis
683 1086 804 1154 utatur,
819 1075 1030 1155 admittenda,
1043 1075 1129 1140 Prae-

102 1187 230 1272 positus
244 1186 413 1252 Generalis
428 1188 559 1252 nomine
574 1186 675 1252 totius
691 1187 861 1252 Societatis
875 1188 1006 1273 plenam
1021 1199 1130 1273 potes-

102 1306 205 1362 tatem
220 1298 366 1363 habebit.

63 1419 81 1474 2
103 1409 137 1474 Si
152 1409 326 1473 Fundator
339 1409 462 1494 aliquas
477 1410 678 1475 conditiones
694 1411 834 1496 exigeret
850 1410 954 1475 ordini
977 1432 1014 1474 ae
1029 1411 1128 1475 modo

102 1522 303 1606 procedendi
334 1522 486 1587 Societati
516 1535 671 1588 consueto
706 1523 839 1587 minime
877 1535 1108 1589 consentaneas
1120 1550 1129 1604 3

103 1634 209 1698 eidem
235 1634 414 1720 Praeposito
446 1635 597 1700 Generali
630 1636 760 1720 (auditis
791 1637 960 1700 sententiis
984 1637 1130 1716 aliorum,
1197 1670 1198 1673 ¹

103 1768 185 1830 quos
199 1746 272 1832 ipse
288 1747 328 1810 de
344 1747 536 1833 hujusmodi
553 1748 650 1812 rebus
673 1748 788 1813 melius
805 1748 952 1833 judicare
973 1749 1127 1831 censebit)

104 1858 378 1923 considerandum
398 1858 610 1944 relinquatur,
633 1882 674 1923 an
695 1861 846 1925 omnibus
866 1861 1034 1947 perpensis
1044 1860 1130 1925 utile

103 1970 146 2034 sit
159 1971 312 2035 futurum
327 1971 481 2036 Societati
502 1972 544 2036 ad
565 1973 665 2036 finem
688 1972 788 2037 divini
811 1973 941 2054 servitii,
957 1996 1054 2059 quem
1070 1973 1131 2037 sibi

104 2082 256 2166 praefixit,
273 2081 463 2168 hujusmodi
480 2083 662 2169 Collegium
685 2084 864 2164 admittere,
887 2106 947 2148 nec
969 2107 1021 2148 ne.
1066 2084 1131 2148 Sed

105 2193 133 2257 si
157 2193 316 2279 temporis
341 2195 481 2258 decursu
507 2217 541 2258 se
567 2194 692 2280 gravari
716 2218 754 2259 eo
778 2217 874 2259 onere
899 2194 1131 2258 animadvertet

107 2304 263 2384 Societas,
278 2305 398 2390 poterit
418 2305 489 2391 ipsa
511 2304 545 2368 in
562 2305 820 2392 congregatione
840 2305 980 2390 generali
1001 2305 1036 2368 id
1056 2327 1131 2390 pro-

106 2439 238 2501 ponere,
253 2429 287 2480 et
302 2427 455 2497 statuere,
467 2429 505 2481 ut
519 2418 721 2503 relinquatur
733 2418 915 2504 Collegium
925 2417 1131 2503 hujusmodi3

106 2527 158 2591 vel
171 2527 369 2613 prospicere,
384 2540 422 2592 ut
437 2551 520 2593 onus
535 2540 743 2614 temperetur,
758 2529 809 2594 vel
829 2529 925 2609 certe,
940 2537 978 2592 ut
993 2530 1034 2592 ad
1049 2552 1131 2593 onus

107 2639 142 2703 id
170 2640 342 2704 serendum
371 2640 454 2704 vires
484 2639 621 2726 majores
650 2642 866 2726 praebeantur.
920 2643 994 2706 Hoc
1023 2649 1132 2706 tamen

108 2751 233 2815 dictum
259 2751 313 2831 sit,
344 2752 371 2815 si
401 2763 475 2816 ante
507 2752 799 2837 congregationem
829 2753 1016 2838 hujusmodi
1047 2754 1133 2817 Prae·

107 2863 235 2947 positus
263 2862 432 2927 Generalis
461 2863 548 2928 huic,
563 2863 780 2944 incommodo,
806 2877 904 2949 prout
929 2865 963 2928 in
989 2865 1132 2930 Domino

109 2974 272 3053 convenit,
287 2996 354 3038 non
370 2975 553 3039 occurrerit.

67 3091 86 3148 3
108 3085 161 3148 Ad
181 3085 404 3170 relinquenda,
427 3085 477 3149 vel
495 3085 664 3149 alienanda
685 3086 838 3172 collegia,
855 3098 911 3149 aut
932 3087 1044 3150 domos
1063 3086 1133 3171 jam

109 3197 265 3262 admissas
282 3197 479 3282 Praepositus
496 3197 664 3262 Generalis
680 3198 776 3262 simul
798 3221 873 3262 eum
887 3197 959 3282 ipsa
974 3197 1132 3262 Societate

108 3315 302 3393 potestatem
325 3308 468 3373 habebit.
513 3309 598 3374 cum
624 3309 711 3373 enim
740 3310 775 3374 id
805 3309 847 3373 sit
871 3309 1015 3394 perinde,
1042 3331 1080 3372 ae
1107 3310 1133 3374 si

109 3420 294 3484 membrum
310 3420 350 3483 ab
366 3420 436 3506 ejus
452 3439 583 3506 corpore
598 3421 878 3507 praescinderetur,
894 3434 927 3486 et
948 3444 999 3486 res
1015 3421 1134 3506 alioqui

108 3542 268 3617 perpetua
281 3543 314 3596 et
329 3531 458 3617 majoris
473 3534 630 3598 momenti
645 3534 708 3613 sit3
732 3556 807 3597 cum
823 3556 860 3597 ea
880 3532 1031 3598 universa
1046 3556 1134 3597 com-

109 3645 268 3709 municari
283 3645 399 3709 melius
414 3658 473 3710 est.

70 3764 89 3819 4
111 3756 151 3819 In
172 3755 328 3842 collegiis
349 3756 519 3822 Societatis
538 3781 598 3823 nee
621 3780 706 3821 curae
727 3758 907 3822 animarum
930 3779 990 3822 neo
1012 3757 1135 3843 obliga-

110 3868 214 3932 tiones
245 3868 287 3932 ad
317 3868 438 3933 Missas
468 3870 684 3949 celebrandas,
715 3892 819 3954 neque
849 3869 918 3933 aliae
947 3868 1135 3954 hujusmodi

110 3980 336 4061 admittantur,
352 4003 425 4066 quae
447 4004 466 4046 a
487 3983 601 4047 studiis
622 3982 798 4047 distrahere
822 3982 1008 4061 admodum,
1033 3993 1065 4046 et
1087 4004 1135 4060 ea,

110 4091 233 4176 quaein
252 4091 316 4158 illis
335 4094 376 4156 ad
391 4094 536 4159 divinum
552 4094 743 4180 obsequium
760 4099 959 4179 quaeruntur,
980 4092 1134 4177 impedire
