<?xml version="1.0" encoding="UTF-8"?>
<!DOCTYPE html PUBLIC "-//W3C//DTD XHTML 1.0 Transitional//EN"
    "http://www.w3.org/TR/xhtml1/DTD/xhtml1-transitional.dtd">
<html xmlns="http://www.w3.org/1999/xhtml" xml:lang="en" lang="en">
 <head>
  <title>
</title>
<meta http-equiv="Content-Type" content="text/html;charset=utf-8" />
  <meta name='ocr-system' content='tesseract 3.04.00' />
  <meta name='ocr-capabilities' content='ocr_page ocr_carea ocr_par ocr_line ocrx_word'/>
</head>
<body>
  <div class='ocr_page' id='page_1' title='image "./constitutioness00unkngoog_0057.png"; bbox 0 0 2646 4732; ppageno 0'>
   <div class='ocr_carea' id='block_1_1' title="bbox 118 315 160 380">
    <p class='ocr_par' dir='ltr' id='par_1_1' title="bbox 118 315 160 380">
     <span class='ocr_line' id='line_1_1' title="bbox 118 315 160 380; baseline 0 0"><span class='ocrx_word' id='word_1_1' title='bbox 118 315 160 380; x_wconf 78' lang='grc'><strong>44</strong></span> 
     </span>
    </p>
   </div>
   <div class='ocr_carea' id='block_1_2' title="bbox 121 623 158 679">
    <p class='ocr_par' dir='ltr' id='par_1_2' title="bbox 121 623 158 679">
     <span class='ocr_line' id='line_1_2' title="bbox 121 623 158 679; baseline 0.027 -1"><span class='ocrx_word' id='word_1_2' title='bbox 121 623 158 679; x_wconf 91' lang='grc'><strong>15</strong></span> 
     </span>
    </p>
   </div>
   <div class='ocr_carea' id='block_1_3' title="bbox 119 1966 158 2022">
    <p class='ocr_par' dir='ltr' id='par_1_3' title="bbox 119 1966 158 2022">
     <span class='ocr_line' id='line_1_3' title="bbox 119 1966 158 2022; baseline 0 0"><span class='ocrx_word' id='word_1_3' title='bbox 119 1966 158 2022; x_wconf 89' lang='grc'><strong>16</strong></span> 
     </span>
    </p>
   </div>
   <div class='ocr_carea' id='block_1_4' title="bbox 500 337 826 381">
    <p class='ocr_par' dir='ltr' id='par_1_4' title="bbox 500 337 826 381">
     <span class='ocr_line' id='line_1_4' title="bbox 500 337 826 381; baseline -0.006 0"><span class='ocrx_word' id='word_1_4' title='bbox 500 337 826 381; x_wconf 79' lang='lat' dir='ltr'>CONSTITUTIONUM</span> 
     </span>
    </p>
   </div>
   <div class='ocr_carea' id='block_1_5' title="bbox 182 503 1209 1147">
    <p class='ocr_par' dir='ltr' id='par_1_5' title="bbox 182 503 1209 1147">
     <span class='ocr_line' id='line_1_5' title="bbox 183 503 1208 588; baseline -0.002 -21"><span class='ocrx_word' id='word_1_5' title='bbox 183 526 247 588; x_wconf 92' lang='lat' dir='ltr'><strong>quo</strong></span> <span class='ocrx_word' id='word_1_6' title='bbox 262 503 378 567; x_wconf 90' lang='lat' dir='ltr'><strong>melius</strong></span> <span class='ocrx_word' id='word_1_7' title='bbox 393 514 425 567; x_wconf 92' lang='lat' dir='ltr'><strong>et</strong></span> <span class='ocrx_word' id='word_1_8' title='bbox 440 503 584 567; x_wconf 88' lang='lat' dir='ltr'><strong>exactius</strong></span> <span class='ocrx_word' id='word_1_9' title='bbox 599 525 647 582; x_wconf 89' lang='lat' dir='ltr'><strong>ea,</strong></span> <span class='ocrx_word' id='word_1_10' title='bbox 663 525 736 587; x_wconf 90' lang='lat' dir='ltr'><strong>quae</strong></span> <span class='ocrx_word' id='word_1_11' title='bbox 753 512 889 566; x_wconf 87' lang='lat' dir='ltr'><strong>tractata</strong></span> <span class='ocrx_word' id='word_1_12' title='bbox 912 514 1000 582; x_wconf 90' lang='lat' dir='ltr'><strong>sunt,</strong></span> <span class='ocrx_word' id='word_1_13' title='bbox 1014 503 1208 588; x_wconf 79' lang='lat' dir='ltr'><strong>intelligant.</strong></span> 
     </span>
     <span class='ocr_line' id='line_1_6' title="bbox 184 614 1209 700; baseline -0.001 -21"><span class='ocrx_word' id='word_1_14' title='bbox 184 615 233 680; x_wconf 89' lang='lat' dir='ltr'><strong>Ut</strong></span> <span class='ocrx_word' id='word_1_15' title='bbox 247 614 377 700; x_wconf 88' lang='lat' dir='ltr'><strong>reprimi</strong></span> <span class='ocrx_word' id='word_1_16' title='bbox 392 626 520 700; x_wconf 88' lang='lat' dir='ltr'><strong>oportet</strong></span> <span class='ocrx_word' id='word_1_17' title='bbox 535 615 739 699; x_wconf 91' lang='lat' dir='ltr'><strong>quorundam</strong></span> <span class='ocrx_word' id='word_1_18' title='bbox 762 636 894 677; x_wconf 86' lang='lat' dir='ltr'><strong>cursum</strong></span> <span class='ocrx_word' id='word_1_19' title='bbox 916 615 991 699; x_wconf 90' lang='lat' dir='ltr'><strong>plus</strong></span> <span class='ocrx_word' id='word_1_20' title='bbox 1013 637 1108 699; x_wconf 87' lang='lat' dir='ltr'><strong>aequo</strong></span> <span class='ocrx_word' id='word_1_21' title='bbox 1131 638 1209 680; x_wconf 91' lang='lat' dir='ltr'><strong>con-</strong></span> 
     </span>
     <span class='ocr_line' id='line_1_7' title="bbox 182 725 1208 806; baseline -0.001 -14"><span class='ocrx_word' id='word_1_22' title='bbox 182 727 317 792; x_wconf 87' lang='lat' dir='ltr'><strong>citatum</strong></span> <span class='ocrx_word' id='word_1_23' title='bbox 339 726 373 790; x_wconf 90' lang='lat' dir='ltr'><strong>in</strong></span> <span class='ocrx_word' id='word_1_24' title='bbox 397 726 532 806; x_wconf 85' lang='lat' dir='ltr'><strong>studiis3</strong></span> <span class='ocrx_word' id='word_1_25' title='bbox 563 727 608 790; x_wconf 88' lang='lat' dir='ltr'><strong>ita</strong></span> <span class='ocrx_word' id='word_1_26' title='bbox 624 727 786 805; x_wconf 86' lang='lat' dir='ltr'><strong>movendi,</strong></span> <span class='ocrx_word' id='word_1_27' title='bbox 808 725 975 806; x_wconf 85' lang='lat' dir='ltr'><strong>incitandi,</strong></span> <span class='ocrx_word' id='word_1_28' title='bbox 991 738 1023 790; x_wconf 91' lang='lat' dir='ltr'><strong>et</strong></span> <span class='ocrx_word' id='word_1_29' title='bbox 1043 727 1208 791; x_wconf 90' lang='lat' dir='ltr'><strong>animandi</strong></span> 
     </span>
     <span class='ocr_line' id='line_1_8' title="bbox 182 836 1208 922; baseline 0 -20"><span class='ocrx_word' id='word_1_30' title='bbox 182 839 224 903; x_wconf 95' lang='lat' dir='ltr'><strong>ad</strong></span> <span class='ocrx_word' id='word_1_31' title='bbox 239 837 347 902; x_wconf 87' lang='lat' dir='ltr'><strong>studia</strong></span> <span class='ocrx_word' id='word_1_32' title='bbox 361 850 438 901; x_wconf 92' lang='lat' dir='ltr'><strong>sunt</strong></span> <span class='ocrx_word' id='word_1_33' title='bbox 454 837 517 916; x_wconf 90' lang='lat' dir='ltr'><strong>alii,</strong></span> <span class='ocrx_word' id='word_1_34' title='bbox 532 837 656 922; x_wconf 89' lang='lat' dir='ltr'><strong>quibus·</strong></span> <span class='ocrx_word' id='word_1_35' title='bbox 666 836 701 901; x_wconf 92' lang='lat' dir='ltr'><strong>id</strong></span> <span class='ocrx_word' id='word_1_36' title='bbox 722 837 939 901; x_wconf 89' lang='lat' dir='ltr'><strong>necessarium</strong></span> <span class='ocrx_word' id='word_1_37' title='bbox 961 848 1032 917; x_wconf 86' lang='lat' dir='ltr'><strong>est3</strong></span> <span class='ocrx_word' id='word_1_38' title='bbox 1063 839 1208 921; x_wconf 89' lang='lat' dir='ltr'><strong>quodut</strong></span> 
     </span>
     <span class='ocr_line' id='line_1_9' title="bbox 182 949 1207 1035; baseline 0.001 -21"><span class='ocrx_word' id='word_1_39' title='bbox 182 950 298 1014; x_wconf 88' lang='lat' dir='ltr'><strong>melius</strong></span> <span class='ocrx_word' id='word_1_40' title='bbox 312 961 465 1035; x_wconf 87' lang='lat' dir='ltr'><strong>praestare</strong></span> <span class='ocrx_word' id='word_1_41' title='bbox 481 950 585 1035; x_wconf 86' lang='lat' dir='ltr'><strong>possit</strong></span> <span class='ocrx_word' id='word_1_42' title='bbox 601 951 731 1028; x_wconf 88' lang='lat' dir='ltr'><strong>Rector,</strong></span> <span class='ocrx_word' id='word_1_43' title='bbox 753 949 912 1034; x_wconf 88' lang='lat' dir='ltr'><strong>intelligat</strong></span> <span class='ocrx_word' id='word_1_44' title='bbox 935 961 1062 1035; x_wconf 84' lang='lat' dir='ltr'><strong>oportet</strong></span> <span class='ocrx_word' id='word_1_45' title='bbox 1084 972 1144 1035; x_wconf 91' lang='lat' dir='ltr'><strong>per</strong></span> <span class='ocrx_word' id='word_1_46' title='bbox 1163 974 1207 1029; x_wconf 90' lang='lat' dir='ltr'><strong>sc,</strong></span> 
     </span>
     <span class='ocr_line' id='line_1_10' title="bbox 183 1060 1207 1147; baseline 0.001 -21"><span class='ocrx_word' id='word_1_47' title='bbox 183 1074 215 1126; x_wconf 91' lang='lat' dir='ltr'><strong>et</strong></span> <span class='ocrx_word' id='word_1_48' title='bbox 230 1084 289 1147; x_wconf 91' lang='lat' dir='ltr'><strong>per</strong></span> <span class='ocrx_word' id='word_1_49' title='bbox 309 1061 459 1147; x_wconf 86' lang='lat' dir='ltr'><strong>aliquem,</strong></span> <span class='ocrx_word' id='word_1_50' title='bbox 475 1062 573 1125; x_wconf 88' lang='lat' dir='ltr'><strong>aliurn</strong></span> <span class='ocrx_word' id='word_1_51' title='bbox 595 1061 648 1125; x_wconf 90' lang='lat' dir='ltr'><strong>cui</strong></span> <span class='ocrx_word' id='word_1_52' title='bbox 671 1060 817 1146; x_wconf 77' lang='lat' dir='ltr'><strong>syndici,</strong></span> <span class='ocrx_word' id='word_1_53' title='bbox 832 1061 884 1125; x_wconf 87' lang='lat' dir='ltr'><strong>vel</strong></span> <span class='ocrx_word' id='word_1_54' title='bbox 898 1061 1082 1127; x_wconf 89' lang='lat' dir='ltr'><strong>Visitatoris</strong></span> <span class='ocrx_word' id='word_1_55' title='bbox 1105 1063 1207 1127; x_wconf 94' lang='lat' dir='ltr'><strong>studi-</strong></span> 
     </span>
    </p>
   </div>
   <div class='ocr_carea' id='block_1_6' title="bbox 179 1173 1207 2160">
    <p class='ocr_par' dir='ltr' id='par_1_6' title="bbox 181 1173 1207 1912">
     <span class='ocr_line' id='line_1_11' title="bbox 182 1173 1206 1259; baseline 0.001 -20"><span class='ocrx_word' id='word_1_56' title='bbox 182 1198 275 1239; x_wconf 88' lang='lat' dir='ltr'><strong>orum</strong></span> <span class='ocrx_word' id='word_1_57' title='bbox 302 1197 412 1239; x_wconf 90' lang='lat' dir='ltr'><strong>curam</strong></span> <span class='ocrx_word' id='word_1_58' title='bbox 442 1174 511 1259; x_wconf 91' lang='lat' dir='ltr'><strong>ipse</strong></span> <span class='ocrx_word' id='word_1_59' title='bbox 542 1173 676 1252; x_wconf 90' lang='lat' dir='ltr'><strong>dederit,</strong></span> <span class='ocrx_word' id='word_1_60' title='bbox 700 1174 862 1257; x_wconf 91' lang='lat' dir='ltr'><strong>quomodo</strong></span> <span class='ocrx_word' id='word_1_61' title='bbox 895 1174 1086 1239; x_wconf 85' lang='lat' dir='ltr'><strong>Scholastiei</strong></span> <span class='ocrx_word' id='word_1_62' title='bbox 1111 1198 1206 1240; x_wconf 90' lang='lat' dir='ltr'><strong>suum</strong></span> 
     </span>
     <span class='ocr_line' id='line_1_12' title="bbox 183 1277 1207 1370; baseline 0 -19"><span class='ocrx_word' id='word_1_63' title='bbox 183 1286 323 1351; x_wconf 90' lang='lat' dir='ltr'><strong>officium</strong></span> <span class='ocrx_word' id='word_1_64' title='bbox 349 1285 479 1350; x_wconf 88' lang='lat' dir='ltr'><strong>faciant.</strong></span> <span class='ocrx_word' id='word_1_65' title='bbox 525 1285 625 1352; x_wconf 73' lang='lat' dir='ltr'><strong>Quod</strong></span> <span class='ocrx_word' id='word_1_66' title='bbox 655 1284 682 1348; x_wconf 94' lang='lat' dir='ltr'><strong>si</strong></span> <span class='ocrx_word' id='word_1_67' title='bbox 712 1284 980 1349; x_wconf 87' lang='lat' dir='ltr'><strong>animadverteret</strong></span> <span class='ocrx_word' id='word_1_68' title='bbox 1006 1277 1147 1370; x_wconf 85' lang='lat' dir='ltr'><strong>aliquem</strong></span> <span class='ocrx_word' id='word_1_69' title='bbox 1173 1289 1207 1351; x_wconf 93' lang='lat' dir='ltr'><strong>in</strong></span> 
     </span>
     <span class='ocr_line' id='line_1_13' title="bbox 183 1397 1207 1484; baseline 0.004 -22"><span class='ocrx_word' id='word_1_70' title='bbox 183 1399 298 1463; x_wconf 91' lang='lat' dir='ltr'><strong>studiis</strong></span> <span class='ocrx_word' id='word_1_71' title='bbox 327 1409 457 1484; x_wconf 89' lang='lat' dir='ltr'><strong>tempus</strong></span> <span class='ocrx_word' id='word_1_72' title='bbox 482 1397 640 1462; x_wconf 88' lang='lat' dir='ltr'><strong>inutiliter</strong></span> <span class='ocrx_word' id='word_1_73' title='bbox 663 1408 776 1476; x_wconf 87' lang='lat' dir='ltr'><strong>terere,</strong></span> <span class='ocrx_word' id='word_1_74' title='bbox 803 1397 892 1482; x_wconf 76' lang='lat' dir='ltr'><strong>quod</strong></span> <span class='ocrx_word' id='word_1_75' title='bbox 921 1398 1013 1478; x_wconf 91' lang='lat' dir='ltr'><strong>nolit,</strong></span> <span class='ocrx_word' id='word_1_76' title='bbox 1040 1412 1097 1464; x_wconf 90' lang='lat' dir='ltr'><strong>aut</strong></span> <span class='ocrx_word' id='word_1_77' title='bbox 1121 1402 1207 1466; x_wconf 74' lang='lat' dir='ltr'><strong>certe</strong></span> 
     </span>
     <span class='ocr_line' id='line_1_14' title="bbox 182 1507 1206 1596; baseline 0.002 -22"><span class='ocrx_word' id='word_1_78' title='bbox 182 1533 249 1574; x_wconf 93' lang='lat' dir='ltr'><strong>non</strong></span> <span class='ocrx_word' id='word_1_79' title='bbox 263 1510 367 1596; x_wconf 84' lang='lat' dir='ltr'><strong>possit</strong></span> <span class='ocrx_word' id='word_1_80' title='bbox 388 1531 596 1595; x_wconf 87' lang='lat' dir='ltr'><strong>progressum</strong></span> <span class='ocrx_word' id='word_1_81' title='bbox 615 1508 650 1572; x_wconf 90' lang='lat' dir='ltr'><strong>in</strong></span> <span class='ocrx_word' id='word_1_82' title='bbox 672 1507 787 1573; x_wconf 90' lang='lat' dir='ltr'><strong>litteris</strong></span> <span class='ocrx_word' id='word_1_83' title='bbox 809 1509 913 1573; x_wconf 82' lang='lat' dir='ltr'><strong>facere</strong></span> <span class='ocrx_word' id='word_1_84' title='bbox 925 1534 934 1589; x_wconf 87' lang='lat'>3</span> <span class='ocrx_word' id='word_1_85' title='bbox 965 1510 1095 1595; x_wconf 87' lang='lat' dir='ltr'><strong>expedit</strong></span> <span class='ocrx_word' id='word_1_86' title='bbox 1114 1511 1206 1576; x_wconf 87' lang='lat' dir='ltr'><strong>illurn</strong></span> 
     </span>
     <span class='ocr_line' id='line_1_15' title="bbox 182 1619 1207 1708; baseline 0.002 -22"><span class='ocrx_word' id='word_1_87' title='bbox 182 1623 222 1686; x_wconf 91' lang='lat' dir='ltr'><strong>ab</strong></span> <span class='ocrx_word' id='word_1_88' title='bbox 248 1622 294 1686; x_wconf 90' lang='lat' dir='ltr'><strong>eis</strong></span> <span class='ocrx_word' id='word_1_89' title='bbox 318 1644 491 1700; x_wconf 89' lang='lat' dir='ltr'><strong>removere,</strong></span> <span class='ocrx_word' id='word_1_90' title='bbox 515 1631 548 1685; x_wconf 92' lang='lat' dir='ltr'><strong>et</strong></span> <span class='ocrx_word' id='word_1_91' title='bbox 574 1619 644 1705; x_wconf 86' lang='lat' dir='ltr'><strong>ejus</strong></span> <span class='ocrx_word' id='word_1_92' title='bbox 673 1620 745 1685; x_wconf 92' lang='lat' dir='ltr'><strong>loco</strong></span> <span class='ocrx_word' id='word_1_93' title='bbox 775 1619 885 1700; x_wconf 87' lang='lat' dir='ltr'><strong>alium,</strong></span> <span class='ocrx_word' id='word_1_94' title='bbox 916 1621 972 1705; x_wconf 94' lang='lat' dir='ltr'><strong>qui</strong></span> <span class='ocrx_word' id='word_1_95' title='bbox 1002 1622 1044 1686; x_wconf 90' lang='lat' dir='ltr'><strong>ad</strong></span> <span class='ocrx_word' id='word_1_96' title='bbox 1070 1645 1207 1708; x_wconf 89' lang='lat' dir='ltr'><strong>scopum</strong></span> 
     </span>
     <span class='ocr_line' id='line_1_16' title="bbox 181 1731 1207 1818; baseline 0.003 -21"><span class='ocrx_word' id='word_1_97' title='bbox 181 1733 282 1798; x_wconf 91' lang='lat' dir='ltr'><strong>divini</strong></span> <span class='ocrx_word' id='word_1_98' title='bbox 298 1733 418 1798; x_wconf 88' lang='lat' dir='ltr'><strong>servitii</strong></span> <span class='ocrx_word' id='word_1_99' title='bbox 432 1733 467 1797; x_wconf 90' lang='lat' dir='ltr'><strong>in</strong></span> <span class='ocrx_word' id='word_1_100' title='bbox 484 1731 636 1818; x_wconf 88' lang='lat' dir='ltr'><strong>Collegiis</strong></span> <span class='ocrx_word' id='word_1_101' title='bbox 651 1731 822 1818; x_wconf 86' lang='lat' dir='ltr'><strong>praefixum</strong></span> <span class='ocrx_word' id='word_1_102' title='bbox 836 1732 941 1818; x_wconf 87' lang='lat' dir='ltr'><strong>magis</strong></span> <span class='ocrx_word' id='word_1_103' title='bbox 955 1732 1114 1818; x_wconf 89' lang='lat' dir='ltr'><strong>proficiat,</strong></span> <span class='ocrx_word' id='word_1_104' title='bbox 1130 1758 1207 1801; x_wconf 92' lang='lat' dir='ltr'><strong>con-</strong></span> 
     </span>
     <span class='ocr_line' id='line_1_17' title="bbox 181 1847 323 1912; baseline 0 0"><span class='ocrx_word' id='word_1_105' title='bbox 181 1847 323 1912; x_wconf 88' lang='lat' dir='ltr'><strong>stituere.</strong></span> 
     </span>
    </p>

    <p class='ocr_par' dir='ltr' id='par_1_7' title="bbox 179 1959 1205 2160">
     <span class='ocr_line' id='line_1_18' title="bbox 180 1959 1205 2048; baseline 0.005 -26"><span class='ocrx_word' id='word_1_106' title='bbox 180 1959 341 2024; x_wconf 86' lang='lat' dir='ltr'><strong>Absoluto</strong></span> <span class='ocrx_word' id='word_1_107' title='bbox 372 1960 479 2024; x_wconf 90' lang='lat' dir='ltr'><strong>studio</strong></span> <span class='ocrx_word' id='word_1_108' title='bbox 510 1960 646 2046; x_wconf 87' lang='lat' dir='ltr'><strong>alicujus</strong></span> <span class='ocrx_word' id='word_1_109' title='bbox 675 1959 849 2040; x_wconf 81' lang='lat' dir='ltr'><strong>facultatis,</strong></span> <span class='ocrx_word' id='word_1_110' title='bbox 888 1961 1024 2025; x_wconf 90' lang='lat' dir='ltr'><strong>eandem</strong></span> <span class='ocrx_word' id='word_1_111' title='bbox 1053 1961 1205 2048; x_wconf 88' lang='lat' dir='ltr'><strong>privatim</strong></span> 
     </span>
     <span class='ocr_line' id='line_1_19' title="bbox 179 2071 1205 2160; baseline 0.006 -26"><span class='ocrx_word' id='word_1_112' title='bbox 179 2082 322 2157; x_wconf 91' lang='lat' dir='ltr'><strong>repetere</strong></span> <span class='ocrx_word' id='word_1_113' title='bbox 338 2071 518 2151; x_wconf 89' lang='lat' dir='ltr'><strong>conveniet,</strong></span> <span class='ocrx_word' id='word_1_114' title='bbox 533 2073 702 2136; x_wconf 87' lang='lat' dir='ltr'><strong>authorem</strong></span> <span class='ocrx_word' id='word_1_115' title='bbox 716 2094 821 2137; x_wconf 90' lang='lat' dir='ltr'><strong>unum</strong></span> <span class='ocrx_word' id='word_1_116' title='bbox 836 2072 987 2158; x_wconf 86' lang='lat' dir='ltr'><strong>aliquem,</strong></span> <span class='ocrx_word' id='word_1_117' title='bbox 1009 2073 1061 2138; x_wconf 87' lang='lat' dir='ltr'><strong>vel</strong></span> <span class='ocrx_word' id='word_1_118' title='bbox 1082 2074 1205 2160; x_wconf 88' lang='lat' dir='ltr'><strong>plures,</strong></span> 
     </span>
    </p>
   </div>
   <div class='ocr_carea' id='block_1_7' title="bbox 119 2183 1206 2271">
    <p class='ocr_par' dir='ltr' id='par_1_8' title="bbox 119 2183 1206 2271">
     <span class='ocr_line' id='line_1_20' title="bbox 119 2183 1206 2271; baseline 0.005 -24"><span class='ocrx_word' id='word_1_119' title='bbox 119 2190 122 2196; x_wconf 84' lang='grc'><em>“</em></span> <span class='ocrx_word' id='word_1_120' title='bbox 180 2184 277 2269; x_wconf 75' lang='lat' dir='ltr'><strong>quarn</strong></span> <span class='ocrx_word' id='word_1_121' title='bbox 299 2184 401 2269; x_wconf 90' lang='lat' dir='ltr'><strong>prius,</strong></span> <span class='ocrx_word' id='word_1_122' title='bbox 418 2183 515 2269; x_wconf 86' lang='lat' dir='ltr'><strong>juxta</strong></span> <span class='ocrx_word' id='word_1_123' title='bbox 530 2184 677 2249; x_wconf 87' lang='lat' dir='ltr'><strong>Rectoris</strong></span> <span class='ocrx_word' id='word_1_124' title='bbox 700 2185 868 2250; x_wconf 86' lang='lat' dir='ltr'><strong>arbitrium</strong></span> <span class='ocrx_word' id='word_1_125' title='bbox 889 2186 1037 2271; x_wconf 87' lang='lat' dir='ltr'><strong>legendo.</strong></span> <span class='ocrx_word' id='word_1_126' title='bbox 1084 2187 1206 2252; x_wconf 89' lang='lat' dir='ltr'><strong>Poterit</strong></span> 
     </span>
    </p>
   </div>
   <div class='ocr_carea' id='block_1_8' title="bbox 115 2859 155 2933">
    <p class='ocr_par' dir='ltr' id='par_1_9' title="bbox 115 2859 155 2933">
     <span class='ocr_line' id='line_1_21' title="bbox 115 2859 155 2933; baseline 0 0"><span class='ocrx_word' id='word_1_127' title='bbox 115 2859 155 2933; x_wconf 89' lang='grc'><strong>17</strong></span> 
     </span>
    </p>
   </div>
   <div class='ocr_carea' id='block_1_9' title="bbox 172 2297 1206 4177">
    <p class='ocr_par' dir='ltr' id='par_1_10' title="bbox 176 2297 1206 2829">
     <span class='ocr_line' id='line_1_22' title="bbox 179 2297 1203 2384; baseline 0.003 -23"><span class='ocrx_word' id='word_1_128' title='bbox 179 2310 287 2362; x_wconf 89' lang='lat' dir='ltr'><strong>autem</strong></span> <span class='ocrx_word' id='word_1_129' title='bbox 303 2297 414 2377; x_wconf 87' lang='lat' dir='ltr'><strong>exeis,</strong></span> <span class='ocrx_word' id='word_1_130' title='bbox 430 2320 503 2381; x_wconf 89' lang='lat' dir='ltr'><strong>quae</strong></span> <span class='ocrx_word' id='word_1_131' title='bbox 519 2298 560 2362; x_wconf 93' lang='lat' dir='ltr'><strong>ad</strong></span> <span class='ocrx_word' id='word_1_132' title='bbox 575 2321 646 2363; x_wconf 90' lang='lat' dir='ltr'><strong>eam</strong></span> <span class='ocrx_word' id='word_1_133' title='bbox 660 2298 848 2363; x_wconf 86' lang='lat' dir='ltr'><strong>facultatem</strong></span> <span class='ocrx_word' id='word_1_134' title='bbox 863 2299 1038 2384; x_wconf 88' lang='lat' dir='ltr'><strong>pertinent,</strong></span> <span class='ocrx_word' id='word_1_135' title='bbox 1055 2300 1082 2364; x_wconf 91' lang='lat' dir='ltr'><strong>si</strong></span> <span class='ocrx_word' id='word_1_136' title='bbox 1098 2300 1203 2366; x_wconf 92' lang='lat' dir='ltr'><strong>eidem</strong></span> 
     </span>
     <span class='ocr_line' id='line_1_23' title="bbox 180 2409 1206 2495; baseline 0.003 -21"><span class='ocrx_word' id='word_1_137' title='bbox 180 2410 311 2474; x_wconf 89' lang='lat' dir='ltr'><strong>Rectori</strong></span> <span class='ocrx_word' id='word_1_138' title='bbox 330 2410 436 2474; x_wconf 92' lang='lat' dir='ltr'><strong>visum</strong></span> <span class='ocrx_word' id='word_1_139' title='bbox 458 2410 566 2488; x_wconf 84' lang='lat' dir='ltr'><strong>fuerit,</strong></span> <span class='ocrx_word' id='word_1_140' title='bbox 588 2409 622 2473; x_wconf 94' lang='lat' dir='ltr'><strong>in</strong></span> <span class='ocrx_word' id='word_1_141' title='bbox 650 2410 770 2495; x_wconf 87' lang='lat' dir='ltr'><strong>scripta</strong></span> <span class='ocrx_word' id='word_1_142' title='bbox 790 2411 931 2491; x_wconf 86' lang='lat' dir='ltr'><strong>brevius,</strong></span> <span class='ocrx_word' id='word_1_143' title='bbox 953 2412 1150 2493; x_wconf 66' lang='lat' dir='ltr'><strong>distinctius</strong></span> <span class='ocrx_word' id='word_1_144' title='bbox 1174 2423 1206 2478; x_wconf 91' lang='lat' dir='ltr'><strong>et</strong></span> 
     </span>
     <span class='ocr_line' id='line_1_24' title="bbox 179 2519 1204 2606; baseline 0.003 -20"><span class='ocrx_word' id='word_1_145' title='bbox 179 2520 370 2600; x_wconf 85' lang='lat' dir='ltr'><strong>accuratius,</strong></span> <span class='ocrx_word' id='word_1_146' title='bbox 384 2519 528 2604; x_wconf 85' lang='lat' dir='ltr'><strong>redigere</strong></span> <span class='ocrx_word' id='word_1_147' title='bbox 544 2542 591 2599; x_wconf 89' lang='lat' dir='ltr'><strong>ea,</strong></span> <span class='ocrx_word' id='word_1_148' title='bbox 607 2542 680 2605; x_wconf 85' lang='lat' dir='ltr'><strong>quae</strong></span> <span class='ocrx_word' id='word_1_149' title='bbox 694 2521 786 2606; x_wconf 92' lang='lat' dir='ltr'><strong>prius</strong></span> <span class='ocrx_word' id='word_1_150' title='bbox 808 2521 843 2585; x_wconf 90' lang='lat' dir='ltr'><strong>in</strong></span> <span class='ocrx_word' id='word_1_151' title='bbox 865 2522 1041 2587; x_wconf 89' lang='lat' dir='ltr'><strong>lectionum</strong></span> <span class='ocrx_word' id='word_1_152' title='bbox 1065 2525 1204 2589; x_wconf 91' lang='lat' dir='ltr'><strong>decursu</strong></span> 
     </span>
     <span class='ocr_line' id='line_1_25' title="bbox 178 2631 1203 2722; baseline 0.004 -25"><span class='ocrx_word' id='word_1_153' title='bbox 178 2633 360 2717; x_wconf 89' lang='lat' dir='ltr'><strong>scripserat,</strong></span> <span class='ocrx_word' id='word_1_154' title='bbox 387 2653 462 2695; x_wconf 92' lang='lat' dir='ltr'><strong>cum</strong></span> <span class='ocrx_word' id='word_1_155' title='bbox 491 2631 609 2696; x_wconf 90' lang='lat' dir='ltr'><strong>minori</strong></span> <span class='ocrx_word' id='word_1_156' title='bbox 638 2633 785 2697; x_wconf 90' lang='lat' dir='ltr'><strong>doctrina</strong></span> <span class='ocrx_word' id='word_1_157' title='bbox 813 2634 971 2719; x_wconf 86' lang='lat' dir='ltr'><strong>praeditus</strong></span> <span class='ocrx_word' id='word_1_158' title='bbox 1001 2647 1080 2714; x_wconf 88' lang='lat' dir='ltr'><strong>erat,</strong></span> <span class='ocrx_word' id='word_1_159' title='bbox 1106 2658 1203 2722; x_wconf 92' lang='lat' dir='ltr'><strong>quam</strong></span> 
     </span>
     <span class='ocr_line' id='line_1_26' title="bbox 176 2742 690 2829; baseline 0.004 -22"><span class='ocrx_word' id='word_1_160' title='bbox 176 2753 307 2829; x_wconf 86' lang='lat' dir='ltr'><strong>peracto</strong></span> <span class='ocrx_word' id='word_1_161' title='bbox 323 2742 505 2807; x_wconf 91' lang='lat' dir='ltr'><strong>studiorum</strong></span> <span class='ocrx_word' id='word_1_162' title='bbox 520 2744 690 2809; x_wconf 88' lang='lat' dir='ltr'><strong>curriculo.</strong></span> 
     </span>
    </p>

    <p class='ocr_par' dir='ltr' id='par_1_11' title="bbox 172 2855 1203 4177">
     <span class='ocr_line' id='line_1_27' title="bbox 179 2855 1203 2944; baseline 0.003 -23"><span class='ocrx_word' id='word_1_163' title='bbox 179 2855 254 2921; x_wconf 81' lang='lat' dir='ltr'><strong>Suis</strong></span> <span class='ocrx_word' id='word_1_164' title='bbox 281 2855 466 2920; x_wconf 87' lang='lat' dir='ltr'><strong>constitutis</strong></span> <span class='ocrx_word' id='word_1_165' title='bbox 491 2858 691 2943; x_wconf 89' lang='lat' dir='ltr'><strong>temporibus</strong></span> <span class='ocrx_word' id='word_1_166' title='bbox 716 2881 749 2922; x_wconf 90' lang='lat' dir='ltr'><strong>se</strong></span> <span class='ocrx_word' id='word_1_167' title='bbox 781 2860 822 2922; x_wconf 91' lang='lat' dir='ltr'><strong>ad</strong></span> <span class='ocrx_word' id='word_1_168' title='bbox 851 2859 1000 2944; x_wconf 90' lang='lat' dir='ltr'><strong>publicos</strong></span> <span class='ocrx_word' id='word_1_169' title='bbox 1028 2869 1122 2925; x_wconf 89' lang='lat' dir='ltr'><strong>actus</strong></span> <span class='ocrx_word' id='word_1_170' title='bbox 1148 2885 1203 2926; x_wconf 89' lang='lat' dir='ltr'><strong>ex-</strong></span> 
     </span>
     <span class='ocr_line' id='line_1_28' title="bbox 176 2967 1202 3058; baseline 0.007 -27"><span class='ocrx_word' id='word_1_171' title='bbox 176 2967 420 3032; x_wconf 88' lang='lat' dir='ltr'><strong>aminationum</strong></span> <span class='ocrx_word' id='word_1_172' title='bbox 431 2991 468 3032; x_wconf 89' lang='lat' dir='ltr'><strong>ao</strong></span> <span class='ocrx_word' id='word_1_173' title='bbox 489 2971 737 3055; x_wconf 86' lang='lat' dir='ltr'><strong>responsionum</strong></span> <span class='ocrx_word' id='word_1_174' title='bbox 752 2983 936 3057; x_wconf 87' lang='lat' dir='ltr'><strong>praeparent</strong></span> <span class='ocrx_word' id='word_1_175' title='bbox 945 2998 955 3052; x_wconf 91' lang='lat'>;</span> <span class='ocrx_word' id='word_1_176' title='bbox 978 2983 1010 3036; x_wconf 96' lang='lat' dir='ltr'><strong>et</strong></span> <span class='ocrx_word' id='word_1_177' title='bbox 1026 2973 1067 3036; x_wconf 91' lang='lat' dir='ltr'><strong>ad</strong></span> <span class='ocrx_word' id='word_1_178' title='bbox 1081 2974 1202 3058; x_wconf 85' lang='lat' dir='ltr'><strong>gradus</strong></span> 
     </span>
     <span class='ocr_line' id='line_1_29' title="bbox 176 3080 1202 3170; baseline 0.004 -24"><span class='ocrx_word' id='word_1_179' title='bbox 176 3093 359 3161; x_wconf 89' lang='lat' dir='ltr'><strong>consuetos,</strong></span> <span class='ocrx_word' id='word_1_180' title='bbox 379 3080 435 3166; x_wconf 94' lang='lat' dir='ltr'><strong>qui</strong></span> <span class='ocrx_word' id='word_1_181' title='bbox 454 3103 512 3166; x_wconf 92' lang='lat' dir='ltr'><strong>per</strong></span> <span class='ocrx_word' id='word_1_182' title='bbox 536 3082 724 3168; x_wconf 85' lang='lat' dir='ltr'><strong>diligentem</strong></span> <span class='ocrx_word' id='word_1_183' title='bbox 746 3083 1015 3149; x_wconf 88' lang='lat' dir='ltr'><strong>examinationem</strong></span> <span class='ocrx_word' id='word_1_184' title='bbox 1038 3085 1129 3170; x_wconf 84' lang='lat' dir='ltr'><strong>digni</strong></span> <span class='ocrx_word' id='word_1_185' title='bbox 1151 3087 1202 3151; x_wconf 92' lang='lat' dir='ltr'><strong>in-</strong></span> 
     </span>
     <span class='ocr_line' id='line_1_30' title="bbox 175 3192 1202 3280; baseline 0.006 -22"><span class='ocrx_word' id='word_1_186' title='bbox 175 3192 356 3272; x_wconf 89' lang='lat' dir='ltr'><strong>venientur,</strong></span> <span class='ocrx_word' id='word_1_187' title='bbox 379 3194 560 3278; x_wconf 86' lang='lat' dir='ltr'><strong>promoveri</strong></span> <span class='ocrx_word' id='word_1_188' title='bbox 583 3207 747 3280; x_wconf 90' lang='lat' dir='ltr'><strong>poterunt.</strong></span> <span class='ocrx_word' id='word_1_189' title='bbox 793 3196 882 3260; x_wconf 90' lang='lat' dir='ltr'><strong>Loca</strong></span> <span class='ocrx_word' id='word_1_190' title='bbox 905 3208 1013 3261; x_wconf 88' lang='lat' dir='ltr'><strong>tamen</strong></span> <span class='ocrx_word' id='word_1_191' title='bbox 1040 3209 1138 3278; x_wconf 88' lang='lat' dir='ltr'><strong>certa,</strong></span> <span class='ocrx_word' id='word_1_192' title='bbox 1165 3211 1202 3264; x_wconf 88' lang='lat' dir='ltr'><strong>ut</strong></span> 
     </span>
     <span class='ocr_line' id='line_1_31' title="bbox 176 3291 1202 3392; baseline 0.008 -24"><span class='ocrx_word' id='word_1_193' title='bbox 176 3291 215 3368; x_wconf 77' lang='lat' dir='ltr'><strong>ab</strong></span> <span class='ocrx_word' id='word_1_194' title='bbox 252 3307 334 3370; x_wconf 80' lang='lat' dir='ltr'><strong>omni</strong></span> <span class='ocrx_word' id='word_1_195' title='bbox 371 3305 549 3370; x_wconf 78' lang='lat' dir='ltr'><strong>ambitionis</strong></span> <span class='ocrx_word' id='word_1_196' title='bbox 584 3310 684 3389; x_wconf 79' lang='lat' dir='ltr'><strong>speeie</strong></span> <span class='ocrx_word' id='word_1_197' title='bbox 722 3314 814 3390; x_wconf 83' lang='lat' dir='ltr'><strong>atque</strong></span> <span class='ocrx_word' id='word_1_198' title='bbox 852 3310 890 3372; x_wconf 86' lang='lat' dir='ltr'><strong>ab</strong></span> <span class='ocrx_word' id='word_1_199' title='bbox 928 3311 1000 3373; x_wconf 79' lang='lat' dir='ltr'><strong>aliis</strong></span> <span class='ocrx_word' id='word_1_200' title='bbox 1037 3311 1202 3392; x_wconf 78' lang='lat' dir='ltr'><strong>affectibus</strong></span> 
     </span>
     <span class='ocr_line' id='line_1_32' title="bbox 172 3417 1201 3506; baseline 0.008 -25"><span class='ocrx_word' id='word_1_201' title='bbox 172 3417 286 3500; x_wconf 72' lang='lat' dir='ltr'><strong>param</strong></span> <span class='ocrx_word' id='word_1_202' title='bbox 305 3421 487 3500; x_wconf 80' lang='lat' dir='ltr'><strong>temperatis</strong></span> <span class='ocrx_word' id='word_1_203' title='bbox 508 3421 666 3499; x_wconf 82' lang='lat' dir='ltr'><strong>recedant,</strong></span> <span class='ocrx_word' id='word_1_204' title='bbox 691 3421 828 3505; x_wconf 89' lang='lat' dir='ltr'><strong>quanvis</strong></span> <span class='ocrx_word' id='word_1_205' title='bbox 850 3443 888 3485; x_wconf 90' lang='lat' dir='ltr'><strong>ea</strong></span> <span class='ocrx_word' id='word_1_206' title='bbox 910 3422 944 3484; x_wconf 93' lang='lat' dir='ltr'><strong>in</strong></span> <span class='ocrx_word' id='word_1_207' title='bbox 969 3422 1201 3506; x_wconf 88' lang='lat' dir='ltr'><strong>Universitate,</strong></span> 
     </span>
     <span class='ocr_line' id='line_1_33' title="bbox 173 3529 1202 3619; baseline 0.007 -25"><span class='ocrx_word' id='word_1_208' title='bbox 173 3529 231 3594; x_wconf 93' lang='lat' dir='ltr'><strong>ubi</strong></span> <span class='ocrx_word' id='word_1_209' title='bbox 245 3530 381 3615; x_wconf 86' lang='lat' dir='ltr'><strong>gradum</strong></span> <span class='ocrx_word' id='word_1_210' title='bbox 404 3529 578 3615; x_wconf 85' lang='lat' dir='ltr'><strong>accipiunt,</strong></span> <span class='ocrx_word' id='word_1_211' title='bbox 602 3531 670 3595; x_wconf 87' lang='lat' dir='ltr'><strong>dari</strong></span> <span class='ocrx_word' id='word_1_212' title='bbox 693 3532 828 3613; x_wconf 88' lang='lat' dir='ltr'><strong>soleant,</strong></span> <span class='ocrx_word' id='word_1_213' title='bbox 851 3556 917 3597; x_wconf 94' lang='lat' dir='ltr'><strong>non</strong></span> <span class='ocrx_word' id='word_1_214' title='bbox 940 3533 1120 3619; x_wconf 87' lang='lat' dir='ltr'><strong>accipiant3</strong></span> <span class='ocrx_word' id='word_1_215' title='bbox 1143 3537 1202 3601; x_wconf 87' lang='lat' dir='ltr'><strong>sed</strong></span> 
     </span>
     <span class='ocr_line' id='line_1_34' title="bbox 175 3641 1202 3735; baseline 0.007 -30"><span class='ocrx_word' id='word_1_216' title='bbox 175 3641 272 3705; x_wconf 88' lang='lat' dir='ltr'><strong>simul</strong></span> <span class='ocrx_word' id='word_1_217' title='bbox 286 3663 399 3705; x_wconf 91' lang='lat' dir='ltr'><strong>omnes</strong></span> <span class='ocrx_word' id='word_1_218' title='bbox 415 3652 505 3706; x_wconf 88' lang='lat' dir='ltr'><strong>extra</strong></span> <span class='ocrx_word' id='word_1_219' title='bbox 518 3665 691 3708; x_wconf 89' lang='lat' dir='ltr'><strong>numerum</strong></span> <span class='ocrx_word' id='word_1_220' title='bbox 708 3667 741 3708; x_wconf 91' lang='lat' dir='ltr'><strong>se</strong></span> <span class='ocrx_word' id='word_1_221' title='bbox 757 3645 978 3725; x_wconf 84' lang='lat' dir='ltr'><strong>constituant3</strong></span> <span class='ocrx_word' id='word_1_222' title='bbox 1005 3669 1065 3711; x_wconf 92' lang='lat' dir='ltr'><strong>nec</strong></span> <span class='ocrx_word' id='word_1_223' title='bbox 1089 3669 1202 3735; x_wconf 91' lang='lat' dir='ltr'><strong>sump-</strong></span> 
     </span>
     <span class='ocr_line' id='line_1_35' title="bbox 173 3753 1202 3843; baseline 0.007 -27"><span class='ocrx_word' id='word_1_224' title='bbox 173 3762 238 3833; x_wconf 89' lang='lat' dir='ltr'><strong>tus,</strong></span> <span class='ocrx_word' id='word_1_225' title='bbox 257 3753 314 3839; x_wconf 94' lang='lat' dir='ltr'><strong>qui</strong></span> <span class='ocrx_word' id='word_1_226' title='bbox 336 3755 495 3839; x_wconf 86' lang='lat' dir='ltr'><strong>pauperes</strong></span> <span class='ocrx_word' id='word_1_227' title='bbox 520 3777 587 3819; x_wconf 93' lang='lat' dir='ltr'><strong>non</strong></span> <span class='ocrx_word' id='word_1_228' title='bbox 612 3757 757 3836; x_wconf 90' lang='lat' dir='ltr'><strong>deceant,</strong></span> <span class='ocrx_word' id='word_1_229' title='bbox 779 3757 813 3821; x_wconf 92' lang='lat' dir='ltr'><strong>in</strong></span> <span class='ocrx_word' id='word_1_230' title='bbox 836 3758 990 3842; x_wconf 84' lang='lat' dir='ltr'><strong>gradibus</strong></span> <span class='ocrx_word' id='word_1_231' title='bbox 1013 3758 1202 3843; x_wconf 86' lang='lat' dir='ltr'><strong>hujusmodi</strong></span> 
     </span>
     <span class='ocr_line' id='line_1_36' title="bbox 172 3865 1200 3951; baseline 0.008 -23"><span class='ocrx_word' id='word_1_232' title='bbox 172 3865 291 3929; x_wconf 86' lang='lat' dir='ltr'><strong>faciant</strong></span> <span class='ocrx_word' id='word_1_233' title='bbox 303 3891 312 3945; x_wconf 87' lang='lat'>3</span> <span class='ocrx_word' id='word_1_234' title='bbox 344 3867 386 3930; x_wconf 92' lang='lat' dir='ltr'><strong>ad</strong></span> <span class='ocrx_word' id='word_1_235' title='bbox 411 3889 493 3951; x_wconf 91' lang='lat' dir='ltr'><strong>quos</strong></span> <span class='ocrx_word' id='word_1_236' title='bbox 519 3867 588 3931; x_wconf 90' lang='lat' dir='ltr'><strong>sine</strong></span> <span class='ocrx_word' id='word_1_237' title='bbox 615 3868 805 3933; x_wconf 87' lang='lat' dir='ltr'><strong>humilitatis</strong></span> <span class='ocrx_word' id='word_1_238' title='bbox 836 3867 1039 3950; x_wconf 87' lang='lat' dir='ltr'><strong>detrimento,</strong></span> <span class='ocrx_word' id='word_1_239' title='bbox 1066 3893 1134 3934; x_wconf 91' lang='lat' dir='ltr'><strong>non</strong></span> <span class='ocrx_word' id='word_1_240' title='bbox 1158 3872 1200 3936; x_wconf 95' lang='lat' dir='ltr'><strong>ob</strong></span> 
     </span>
     <span class='ocr_line' id='line_1_37' title="bbox 172 3977 1199 4069; baseline 0.008 -28"><span class='ocrx_word' id='word_1_241' title='bbox 172 3977 269 4058; x_wconf 88' lang='lat' dir='ltr'><strong>aliud,</strong></span> <span class='ocrx_word' id='word_1_242' title='bbox 288 3979 385 4062; x_wconf 74' lang='lat' dir='ltr'><strong>quam</strong></span> <span class='ocrx_word' id='word_1_243' title='bbox 412 3991 449 4044; x_wconf 91' lang='lat' dir='ltr'><strong>ut</strong></span> <span class='ocrx_word' id='word_1_244' title='bbox 474 3980 602 4066; x_wconf 91' lang='lat' dir='ltr'><strong>possint</strong></span> <span class='ocrx_word' id='word_1_245' title='bbox 627 3981 782 4066; x_wconf 84' lang='lat' dir='ltr'><strong>proximis</strong></span> <span class='ocrx_word' id='word_1_246' title='bbox 810 3982 851 4047; x_wconf 90' lang='lat' dir='ltr'><strong>ad</strong></span> <span class='ocrx_word' id='word_1_247' title='bbox 878 3983 941 4048; x_wconf 87' lang='lat' dir='ltr'><strong>Dei</strong></span> <span class='ocrx_word' id='word_1_248' title='bbox 967 3983 1102 4069; x_wconf 91' lang='lat' dir='ltr'><strong>gloriam</strong></span> <span class='ocrx_word' id='word_1_249' title='bbox 1130 4007 1199 4049; x_wconf 92' lang='lat' dir='ltr'><strong>esse</strong></span> 
     </span>
     <span class='ocr_line' id='line_1_38' title="bbox 172 4088 669 4177; baseline 0.012 -25"><span class='ocrx_word' id='word_1_250' title='bbox 172 4088 327 4170; x_wconf 90' lang='lat' dir='ltr'><strong>utiliores,</strong></span> <span class='ocrx_word' id='word_1_251' title='bbox 343 4092 525 4177; x_wconf 88' lang='lat' dir='ltr'><strong>promoveri</strong></span> <span class='ocrx_word' id='word_1_252' title='bbox 540 4092 669 4158; x_wconf 86' lang='lat' dir='ltr'><strong>debent.</strong></span> 
     </span>
    </p>
   </div>
   <div class='ocr_carea' id='block_1_10' title="bbox 0 0 1328 4732">
    <p class='ocr_par' dir='ltr' id='par_1_12' title="bbox 0 0 1328 4732">
     <span class='ocr_line' id='line_1_39' title="bbox 0 0 1328 4732; baseline 0 2"><span class='ocrx_word' id='word_1_253' title='bbox 0 0 1328 4732; x_wconf 95' lang='lat' dir='ltr'><strong> </strong></span> 
     </span>
    </p>
   </div>
  </div>
 </body>
</html>
