2646 4732
392 308 410 345 .·
473 300 784 355 uiuunmousuuss.
1067 282 1137 353 183

148 458 374 548 umanum
403 463 562 538 multum
594 475 716 538 temen
749 462 890 540 confert
920 464 967 537 sd
997 463 1136 539 facilius

142 583 383 678 generandum.
431 587 529 662 Tum
547 588 699 687 quisvis
720 588 837 661 activa
860 585 1003 662 seminis
1028 586 1136 662 virilis

140 704 398 785 iufoemineum
426 737 549 810 agens,
579 723 795 810 conceptum
824 712 1065 810 pulchriorem
1095 739 1136 787 oc

137 831 338 907 nobiliorem
378 832 529 921 formnt3
572 845 652 908 tum
695 835 817 923 etism,
855 835 940 935 quia
971 834 1138 910 foeminea

134 953 258 1026 matrix
285 954 472 1053 voluptate
498 956 667 1031 effusione
688 958 830 1032 seminis
852 958 994 1033 irritata
1020 984 1062 1032 oc
1083 958 1137 1032 in·

131 1099 244 1164 censa,
287 1074 426 1153 avidius
463 1078 563 1154 virile
599 1106 720 1155 semen
758 1082 1020 1181 complectitur.
1087 1083 1139 1157 Et

130 1199 339 1275 femineum.
358 1227 479 1277 semen
494 1204 599 1278 valde
621 1204 711 1278 utile
734 1230 810 1278 esse
833 1205 1070 1304 generationi,
1091 1208 1138 1280 od

130 1321 236 1420 idque
258 1322 431 1399 nnaturs
453 1325 674 1413 institutum,
695 1327 753 1400 vel
775 1351 820 1415 ex
844 1351 888 1400 eo
904 1328 1138 1416 convincitur,

127 1450 224 1549 quod
258 1462 390 1529 natura
419 1452 508 1526 nihil
541 1452 796 1541 frustraneum,
826 1453 889 1527 sed
913 1454 1079 1529 universa
1100 1455 1138 1528 in

129 1571 236 1648 linem
266 1573 425 1673 aliquem
453 1575 610 1651 referens
642 1586 740 1674 agat.
793 1575 892 1650 Cum
920 1602 1009 1676 ergo
1035 1601 1140 1651 vene·

128 1723 224 1773 mom
250 1698 538 1788 delectationem,
558 1724 710 1797 eamque
727 1699 1083 1774 vehementissimam:
1099 1700 1137 1774 in

130 1820 280 1897 foeminae
297 1823 531 1910 seminatione
548 1822 787 1912 constituerit,
805 1826 908 1921 cujus
926 1824 1139 1898 manifestus

131 1947 228 2021 testis
254 1958 311 2021 est
335 1947 474 2025 sedatio
496 1973 655 2021 venereae
679 1946 974 2045 concupiscentiae
1006 1974 1050 2022 ex
1075 1948 1139 2022 ills

131 2069 342 2145 iufoeminis
367 2097 599 2170 consurgens,
630 2073 775 2171 signum
801 2083 857 2146 est
882 2071 1025 2146 evidem
1046 2072 1139 2146 hanc
1166 2089 1169 2095 ’
1214 2086 1218 2090 ’

133 2195 401 2274 seminationem
442 2196 467 2272 ὲ
506 2199 638 2272 nature
672 2196 877 2271 institutam
911 2197 959 2271 ad
987 2221 1140 2295 genera·

133 2320 277 2410 tionem,
315 2321 516 2421 specieique
559 2320 878 2407 conservationem,
918 2320 948 2395 si
990 2347 1063 2395 non
1096 2331 1140 2395 ut

136 2447 378 2536 necessariam,
403 2448 533 2523 saltem
557 2445 958 2542 utilissimam-(Ilici.
984 2471 1019 2520 n.
1035 2448 1087 2543 8.)

315 2900 522 2968 FRANCIS
547 2903 736 2971 XAVIER
757 2902 949 2970 FEGELI.

137 3051 310 3116 Qnaestioncs
335 3055 479 3134 procticae
505 3055 540 3115 dc
568 3077 681 3117 munere
711 3055 897 3134 Consectari.
938 3054 1084 3133 Augustoe
1111 3064 1142 3111 et

500 3152 666 3233 Herbipoli,
682 3157 770 3215 1750.

183 3314 435 3400 oswen-eui
453 3315 665 3415 obligationi
682 3317 864 3414 subjectus
888 3312 936 3387 sit
953 3311 1016 3411 qui
1031 3311 1142 3386 deflo-

136 3438 223 3513 ravit
239 3439 438 3539 virginem?

180 3565 412 3663 Rem-Qui
434 3565 594 3664 corrupit
610 3566 791 3639 volentem
807 3561 984 3661 virginem
1004 3571 1042 3634 et
1059 3585 1141 3634 con·

135 3687 358 3776 sentientem,
374 3700 506 3787 praeter
518 3688 776 3788 obligationem
791 3686 989 3787 poeniteudi
1003 3686 1140 3760 nullam

135 3809 238 3886 alimn
263 3813 432 3888 incurrit:
466 3814 552 3913 quis
576 3814 699 3912 puella
726 3813 836 3895 habet
861 3813 923 3911 jus
949 3835 1055 3893 usum
1083 3809 1140 3892 sui

135 3937 289 4035 corporis
310 3937 428 4014 valide
453 3939 683 4026 concedendi,
709 3939 797 4038 quin
812 3937 952 4035 possint
975 3935 1139 4011 absolute

136 4057 305 4160 impedire
323 4076 503 4162 parentes,
523 4063 589 4138 nisi
602 4063 753 4138 eatenis
771 4061 951 4162 quatenus
969 4071 1140 4141 tenentur
