2646 4732
496 365 588 408 raus
611 366 773 413 ananan.
1130 355 1171 411 33

159 533 270 598 bouum
292 530 564 611 fundamentum3
596 533 637 598 de
660 533 839 597 litterarum
860 532 997 597 aedificio
1018 544 1052 598 ct
1075 535 1173 599 modo

157 645 196 710 eis
215 643 332 710 utendi
354 643 518 731 agendum
540 645 600 710 erit
610 670 621 725 3
643 645 709 731 qub
726 644 839 731 juvare
858 645 986 731 possint
1007 646 1049 710 ad
1070 647 1173 732 magis

156 757 415 844 cognoscendum
438 755 605 843 magisque
631 757 836 823 serviendum
862 759 935 822 Deo
966 757 1111 823 Creatori
1136 779 1175 824 ac

155 869 295 935 Domino
319 880 442 934 nostro.
486 869 540 934 Ad
559 869 622 934 hoo
641 868 797 955 Collegit,
822 879 856 934 et
880 869 1054 955 aliquando
1076 870 1174 935 etiem

156 980 403 1059 Universitates‚
417 981 469 1046 vel
483 979 600 1045 Studia
613 980 775 1067 generalia
790 979 933 1046 Societas
949 981 1175 1066 amplectitur3

153 1095 183 1158 in
204 1093 329 1180 quibus
348 1093 406 1178 qui
429 1093 552 1159 bonum
576 1093 627 1159 sui
647 1094 811 1181 specimen
830 1095 865 1159 in
882 1094 1034 1160 domibus
1057 1095 1175 1181 proba-

154 1206 279 1271 tionum
305 1203 527 1291 praebuerim,
556 1226 617 1271 nec
646 1217 755 1271 tamen
784 1207 932 1272 doctrina
960 1207 1002 1272 ad
1027 1216 1176 1272 nostrum

152 1318 342 1382 institutum
364 1316 543 1382 necessaria
569 1316 647 1382 satis
668 1318 822 1383 instructi
844 1330 1059 1398 accesserunt,
1080 1318 1115 1382 in
1138 1340 1176 1384 ea

153 1440 183 1494 ct
205 1429 243 1493 in
266 1427 341 1493 aliis
363 1428 473 1508 rebus,
497 1450 571 1514 quae
594 1430 636 1494 ad
664 1428 824 1515 juvandas
848 1430 972 1494 mimas
994 1430 1177 1510 conferunt,
1209 1490 1212 1497 .

153 1543 366 1607 usu-uantur.
406 1540 499 1606 Prius
514 1563 591 1628 crgo
606 1542 646 1607 de
661 1543 711 1622 iis,
723 1564 796 1628 quae
811 1543 853 1607 ad
864 1542 1026 1629 Collegia3
1048 1542 1176 1607 Deinde

154 1655 191 1720 de
205 1654 259 1734 iis,
280 1675 356 1738 quae
377 1653 420 1718 ad
441 1652 558 1718 Studia
579 1655 740 1740 generalia
760 1655 936 1741 pertinent,
952 1655 1087 1734 dicetur,
1101 1672 1176 1718 cum

154 1790 189 1832 eo
205 1768 328 1845 favore,
349 1786 448 1852 quem
468 1766 577 1832 divina
598 1766 766 1853 Sapientia
793 1768 835 1832 ad
864 1766 1018 1854 majorem
1041 1767 1176 1853 gloriam

155 1881 348 1964 laudemque
363 1900 456 1943 suam
470 1878 565 1945 nobis
579 1879 656 1944 dare
670 1879 869 1966 dignabitur.

165 2201 209 2244 DE
226 2198 406 2245 annolus
423 2201 604 2246 HABENDA
621 2200 890 2258 FUNDA'I'ORUM,
907 2201 952 2244 ΕΤ
968 2161 1067 2243 BENb
1084 2197 1132 2241 DE

409 2313 604 2358 conusens
621 2314 859 2358 MERI'I'ORUM·

560 2417 658 2484 cAP.
682 2419 710 2483 1.

129 2547 142 2602 l
253 2541 447 2607 UONIAM
470 2541 505 2606 id
523 2542 662 2607 maxime
681 2541 798 2607 rationi
816 2551 1072 2607 consentaneum
1091 2537 1179 2602 vide-

252 2665 318 2734 tur,
332 2665 382 2735 ut,
396 2666 555 2741 quantum
569 2657 604 2720 in
619 2653 713 2720 nobis
729 2655 828 2720 situm
850 2655 903 2734 sit,
917 2674 1029 2720 eorum
1045 2676 1065 2718 a
1085 2653 1179 2718 nobis

253 2768 369 2854 pietati
389 2789 428 2832 ac
449 2768 670 2834 beneficentiae
690 2768 836 2847 satisfiat,
851 2767 970 2852 quibus
993 2765 1102 2831 divina
1121 2765 1180 2831 bo-

164 2879 244 2944 uitas
265 2880 308 2944 ad
326 2880 551 2946 fundationem
571 2903 608 2945 ac
625 2879 825 2945 dotationem
840 2879 1058 2965 collegiorum
1077 2877 1181 2942 utitur

164 2991 377 3055 administris.
410 2991 555 3055 Primum
574 2990 609 3055 in
632 2990 747 3075 quovis
770 3001 889 3054 nostrae
913 2988 1081 3054 Societatis
1105 2986 1181 3051 Col-

164 3101 243 3188 legio
257 3102 415 3188 perpetui)
438 3102 573 3189 singulis
596 3101 852 3166 hebdomadibus
868 3101 982 3165 Missae
1001 3098 1100 3162 semel
1121 3120 1181 3183 pro

165 3214 230 3300 ejus
246 3215 431 3279 Fundatore
451 3224 484 3279 et
504 3213 763 3279 benefactoribus
785 3212 865 3279 vivis
888 3223 920 3276 et
942 3209 1077 3275 mortuis
1100 3209 1182 3273 cele-

165 3325 307 3390 brentur.

128 3436 262 3503 alnisio
284 3438 364 3502 item
387 3437 545 3524 cujusque
570 3436 691 3502 mensis
717 3456 829 3501 omnes
853 3435 1045 3513 sacerdotes,
1068 3429 1125 3516 qui
1147 3430 1182 3493 in

164 3548 309 3636 Collegio
332 3549 464 3629 fuerint,
486 3570 547 3635 pro
571 3549 693 3614 eisdem
718 3548 818 3613 semel
840 3547 953 3612 offerre
977 3545 1063 3609 idem
1087 3541 1183 3606 sacri-

164 3663 274 3728 ficium
287 3663 446 3748 perpetuo
462 3660 592 3727 debent.
636 3661 780 3747 Singulis
800 3660 934 3746 insuper
955 3657 1048 3723 annis
1068 3677 1106 3721 eo
1121 3655 1184 3734 die,

163 3795 228 3858 quo
253 3773 389 3858 collegii
419 3771 576 3859 cujudque
604 3773 765 3860 possessio
796 3770 948 3838 Societati
978 3768 1096 3833 tradita
1124 3779 1185 3847 est,
1263 3774 1265 3779 ⁴

163 3909 240 3951 cum
264 3885 456 3951 solennitate
476 3885 582 3950 Missa
602 3908 662 3971 pro
685 3885 855 3951 fundatore
878 3895 911 3948 et
927 3881 1185 3948 benefactoribus

162 3997 361 4063 celebratius
384 4008 418 4063 et
433 3997 468 4061 id
482 3997 636 4084 temporis
650 3999 686 4061 in
700 3998 814 4063 eodem
830 3994 975 4079 collegio
998 3994 1184 4078 quicunque

161 4111 344 4177 sacerdotes
360 4111 532 4190 adfuerint,
548 4112 662 4178 eodem
678 4132 736 4176 sua
750 4110 888 4176 referent
904 4105 1069 4173 sacrificia.

1191 4296 1307 4448 Ι·
