2646 4732
182 192 253 262 176
433 207 641 258 unisonum
665 207 711 258 or
735 205 928 258 rusumrsn.

179 370 331 445 credunt
359 369 515 467 turpiter
545 368 858 468 concupiscendas,
891 368 921 443 oi
955 368 1025 444 hoc
1054 368 1211 443 noiant

178 493 299 591 aliqud
319 491 542 578 necessitate,
567 503 631 566 aut
648 491 818 579 utilitate,
844 501 910 565 aut
924 515 972 564 ne
988 515 1028 564 se
1044 489 1207 588 privent

177 620 241 692 sud
257 617 435 703 libertate,
450 615 507 688 vel
520 618 602 715 jure
619 616 775 689 exeundi
791 616 911 703 domo,
927 614 1125 690 velfstandi
1142 614 1196 687 ad

176 741 308 815 ostium
323 739 380 813 vel
397 739 588 819 fenestram
604 740 743 813 domus.

318 1117 321 1123 .
424 1055 629 1123 THOMAS
653 1043 927 1123 TAMBURIN.

384 1210 684 1291 TheodogiaMorolis.
727 1170 871 1291 Lugduni,
888 1216 976 1272 1659.

224 1369 404 1458 Quantum
417 1399 493 1470 pro
513 1399 577 1447 usu
595 1374 760 1473 corporis
771 1375 870 1471 juste
885 1373 1014 1473 eoigot
1030 1371 1189 1448 mulier?

226 1495 285 1568 Ad
314 1497 526 1594 posteriores
558 1510 680 1572 autem
714 1497 937 1596 quaestiones,
969 1522 1052 1595 quae
1078 1497 1190 1597 hujus

175 1618 283 1716 pretii
302 1628 423 1691 texam
439 1619 678 1717 inquirebant,
700 1621 899 1694 communis
917 1620 1106 1718 responsio
1123 1630 1198 1707 est,

176 1742 343 1839 spectatis
369 1742 543 1827 omnibus,
563 1743 600 1815 id
624 1755 689 1828 est,
711 1768 869 1842 personae
887 1743 1090 1830 nobilitate,
1108 1743 1203 1841 pul-

176 1866 389 1953 chritudine,
422 1875 539 1952 aetate,
566 1862 765 1954 honestate,
794 1868 856 1939 &a
886 1890 961 1938 esse
995 1864 1036 1937 id
1064 1865 1199 1939 decer-

177 1990 352 2073 nendum;
383 1989 464 2086 plus
488 1988 584 2062 enim
609 2000 769 2062 meretur
799 1987 960 2073 honesta,
989 1997 1028 2059 et
1050 1984 1189 2060 nemini

174 2110 308 2208 pervia,
326 2108 435 2208 quim
452 2110 616 2183 omnibus
630 2111 743 2197 obvia,
758 2111 820 2183 &c
872 2108 1012 2183 Verum
1029 2109 1078 2183 ad
1094 2108 1195 2182 hanc

176 2234 452 2332 responsionem,
482 2235 620 2308 animus
648 2235 710 2333 qui
736 2232 948 2330 explicatius
973 2232 1126 2331 aliquid,
1149 2243 1209 2306 et-

174 2357 289 2455 magis
321 2358 600 2433 determinatum
623 2359 816 2445 desiderat,
844 2383 918 2432 non
947 2358 1096 2432 omuino
1130 2384 1213 2432 aar

175 2481 616 2581 quiescit-(Euphrano
641 2481 769 2559 Decod.
802 2483 883 2558 Lib.
900 2481 958 2556 vii.
995 2507 1026 2556 o.
1045 2488 1082 2556 5.
1114 2485 1184 2584 §a

175 2629 211 2677 re.
226 2605 304 2699 23.)

226 2725 468 2824 Distinguunt
506 2728 679 2801 nonnulli.
745 2728 814 2801 Vel
852 2728 948 2801 enim
983 2752 1102 2801 sermo
1140 2727 1185 2800 de

175 2848 374 2940 meretrice,
399 2850 455 2922 vel
480 2850 525 2923 de
545 2850 690 2925 foemind
707 2852 868 2926 honesta.
896 2856 899 2860 ‘
919 2851 1100 2925 Meretrix
1120 2850 1187 2951 (ait

177 2974 222 3047 de
252 2971 377 3071 Lugo)
407 2997 479 3046 non
508 2985 629 3072 potest
654 2978 736 3073 jure
766 2986 901 3073 petere,
927 2975 982 3048 vel
1011 2975 1185 3072 accipere,

176 3096 432 3195 nisiquantum
444 3098 525 3194 plus
538 3099 655 3170 minus
668 3097 759 3170 solet
771 3098 850 3194 ipsa
866 3097 992 3170 eadem
1011 3096 1186 3170 dcaeteris

159 3218 401 3327 ⁸conquirere;
445 3218 521 3291 haec
555 3219 650 3293 enim
685 3229 740 3292 est
772 3219 907 3317 emptio
949 3229 987 3292 et
1024 3219 1185 3292 venditio

175 3342 269 3417 inter
285 3342 383 3415 illam
400 3353 438 3415 et
456 3341 646 3428 amasium3
665 3341 722 3416 hic
740 3341 803 3414 dat
819 3341 988 3440 pretium,
1004 3341 1069 3415 illa
1080 3367 1186 3419 usum

176 3466 343 3565 corporis.
397 3465 495 3540 Cdm
519 3465 633 3563 igitur
657 3463 813 3538 conditio
837 3463 1028 3561 emptionis
1047 3474 1087 3537 et
1103 3490 1186 3537 ven·

176 3590 319 3663 ditionis
338 3590 446 3685 justae
473 3589 643 3687 requirat,
672 3598 714 3662 ut
737 3587 897 3685 pretium
925 3586 972 3660 sit
996 3585 1090 3661 illud
1113 3610 1183 3685 quo

175 3712 411 3786 communiter
434 3735 490 3784 res
516 3711 695 3798 venditur,
722 3710 775 3783 ita
796 3709 866 3783 crit
885 3719 923 3783 et
939 3709 1007 3782 hic.
1062 3710 1183 3793 Quare

175 3836 204 3908 si
233 3834 402 3930 meretrix
432 3834 514 3907 dolo
538 3834 678 3932 fingens
704 3858 741 3906 se
769 3857 845 3905 esse
869 3831 1071 3920 honestam,
1100 3833 1183 3908 crim

174 3969 296 4050 tamen
329 3958 411 4033 talis
442 3958 479 4032 in
513 3960 692 4034 communi
726 3957 893 4056 opinione
922 3983 995 4032 non
1024 3952 1088 4045 sit}
1128 3958 1182 4034 vel
