2646 4732
176 338 217 397 46
554 348 879 398 oonsnururronnu

176 578 178 585 Α
236 524 348 604 potale
356 523 521 603 premium
536 520 679 606 accipere
694 540 753 606 pro
770 519 990 606 spiritualibus
1012 519 1212 602 ministeriis,
1233 523 1265 588 in

241 633 360 719 quibus
379 633 473 721 juxta
487 644 635 698 nostrum
650 633 837 697 institutum
852 632 886 697 in
909 618 1131 718 proximorum
1154 635 1268 700 auxili-

241 767 298 809 um
313 768 529 831 occupamur:
553 768 620 810 non
635 744 786 810 convenit
800 745 900 809 ullam
917 745 1053 832 Collegii
1068 742 1267 812 dotationem

243 858 423 937 admittere,
446 879 504 942 per
531 879 632 942 quam
662 858 704 920 ad
733 858 878 921 dandum
905 857 1188 938 Concionatorem,
1213 872 1268 923 aut

245 969 498 1048 Confessarium,
514 981 570 1032 aut
585 969 756 1032 Lectorem
779 968 918 1053 aliquem
941 970 1139 1055 Theologiae,
1161 971 1269 1036 Socie-

243 1094 293 1146 tas
320 1081 491 1168 obligetur.
537 1080 684 1147 Quanvis
710 1080 797 1144 enim
823 1082 985 1165 aequitatis
1006 1094 1039 1147 et
1060 1083 1269 1168 gratitudinis

243 1194 324 1257 ratio
341 1215 400 1258 nos
416 1194 457 1256 ad
473 1191 677 1256 serviendum
693 1214 767 1257 cum
791 1191 904 1278 majori
915 1202 916 1205 ’
927 1193 1095 1279 diligentia
1116 1195 1151 1259 in
1175 1195 1268 1260 dictis

243 1304 441 1384 ministeriis,
452 1326 525 1388 quae
541 1303 643 1368 nostri
658 1303 800 1367 instituti
815 1315 892 1368 sunt
907 1304 1048 1390 propria,
1063 1318 1214 1371 moveat:
1236 1308 1270 1370 in

245 1415 398 1501 Collegiis
421 1429 541 1495 tamen,
562 1436 635 1499 quae
658 1413 772 1499 majori
797 1437 872 1478 oum
897 1415 1087 1506 liberalitate
1114 1430 1147 1481 et
1175 1419 1270 1483 devo-

244 1528 332 1592 tione
347 1527 483 1590 fundata
498 1536 586 1605 sunt,
601 1548 668 1589 non
684 1537 762 1589 sunt
775 1525 968 1611 recipiendae
991 1526 1207 1613 obligationes
1221 1531 1271 1594 vel

245 1638 458 1718 conditiones,
474 1660 547 1723 quae
570 1637 797 1723 synceritatem
820 1637 999 1723 impediant
1021 1641 1125 1705 nostri
1146 1641 1181 1704 in
1197 1664 1271 1727 pro-

245 1750 389 1816 cedendo
409 1749 509 1829 modi,
531 1749 588 1834 qui
614 1760 673 1829 est,
700 1748 775 1813 dare
798 1748 909 1835 gratia,
932 1773 1005 1835 quae
1027 1751 1128 1837 gratis
1146 1753 1272 1839 accepi-

245 1886 337 1927 mus:
361 1861 497 1947 quanvis
517 1883 577 1947 pro
600 1882 711 1925 eorum
735 1861 1004 1942 substentatione,
1027 1863 1083 1947 qui
1106 1866 1273 1929 communi

245 1976 332 2040 bono
357 1973 576 2059 Collegiorum
603 1972 758 2052 serviunt,
785 1973 836 2037 vel
861 1982 994 2059 propter
1020 1974 1101 2038 illud
1127 1977 1273 2057 student,

247 2089 378 2167 dotatio,
394 2109 492 2171 quam
502 2085 728 2150 Fundatorum
743 2085 882 2150 charitas
898 2086 1062 2173 assignare
1078 2089 1121 2152 ad
1134 2089 1272 2174 gloriam

247 2201 390 2266 divinam
406 2199 498 2278 solet,
514 2199 714 2263 admittatur.

212 2507 260 2550 un
278 2501 536 2550 scaonnsrrcrs
553 2502 814 2547 rusarruaums
832 2505 871 2547 m
890 2504 949 2565 us,
966 2505 1048 2554 aun
1066 2506 1116 2550 An
1134 2506 1250 2553 pnox.

408 2614 496 2659 utos
514 2614 600 2659 suos
617 2615 810 2661 Juvnunos
827 2618 1050 2662 enarratur.

617 2719 715 2785 CAP.
737 2720 836 2786 VIII.

206 2857 221 2912 l
248 2848 399 2913 Sooruu
415 2847 507 2911 illum
521 2846 690 2928 intuendo,
706 2848 747 2911 ad
768 2870 864 2933 quem
888 2848 995 2913 studia
1011 2849 1182 2915 societatis
1198 2851 1275 2916 diri-

247 2971 381 3046 grmtur,
404 2959 465 3024 sub
487 2959 632 3045 ipsorum
654 2960 753 3024 finem
776 2983 957 3046 congruum
978 2961 1048 3041 erit,
1066 2972 1104 3026 ut
1127 2963 1170 3027 ad
1185 2985 1275 3028 arma

249 3075 427 3163 spiritualia
441 3076 475 3139 in
490 3075 712 3161 proximorum
728 3076 883 3141 auxilium
905 3079 1074 3143 tractanda
1089 3100 1272 3144 assuescere

247 3188 416 3275 incipiant.
462 3188 608 3255 Quanvis
624 3187 711 3252 enim
726 3187 761 3252 id
779 3188 909 3275 proprie
931 3189 1035 3275 magis
1051 3200 1083 3253 et
1099 3189 1224 3256 diutius
1238 3191 1272 3255 in

248 3299 398 3366 domibus
413 3299 481 3380 fiat,
496 3299 615 3385 poterit
630 3312 740 3365 tamen
755 3299 789 3364 in
806 3300 959 3386 Collegiis
974 3300 1129 3371 inchoari.

204 3423 223 3478 2
248 3412 393 3479 Primum
418 3412 475 3492 illi,
501 3413 558 3498 qui
586 3411 681 3499 juxta
707 3412 887 3498 Superioris
915 3412 1075 3498 judicium
1096 3413 1139 3477 ad
1165 3437 1271 3480 sacros

247 3526 376 3591 ordines
392 3535 487 3590 erunt
502 3524 724 3611 promovendi,
738 3524 773 3589 in
788 3525 911 3590 ratione
927 3525 1042 3590 Missae
1062 3525 1220 3608 dicendae,
1236 3540 1272 3592 ut

247 3650 364 3725 praeter
379 3637 637 3725 intelligentiam,
647 3649 680 3702 et
695 3637 899 3703 devotionem
907 3635 1086 3719 internam,
1102 3639 1272 3705 decentem

247 3753 345 3817 etiam
360 3752 502 3818 habeant
517 3750 706 3816 exteriorem
726 3751 861 3816 modum
884 3751 926 3816 ad
947 3752 1150 3818 audientium
1172 3754 1272 3818 aedifi-

248 3865 420 3946 cntionem,
435 3865 670 3930 instituantur:
694 3874 726 3927 et
742 3863 931 3929 ceremoniis
947 3865 1069 3930 eisdem
1091 3867 1198 3966 omnis
1214 3867 1273 3931 So-

248 3958 357 4057 cietas,
384 3987 545 4062 quantum
571 3976 641 4041 fieri
667 3986 786 4061 potest,
810 3988 940 4043 utatur:
972 3979 1007 4043 in
1033 3979 1153 4063 quibus
1176 4002 1273 4045 usum
