2646 4732
179 354 219 409 52
555 366 879 410 consrmumouuu

244 534 386 599 conferre
416 535 530 620 possit.
577 534 661 599 Sunt
692 546 724 598 et
755 535 807 598 alii
845 535 886 597 ud
923 534 1131 619 particularia
1166 535 1272 600 officia

244 646 425 711 necessarii.

202 766 220 821 8
245 758 346 823 Curet
366 760 496 838 Rector,
518 759 609 822 utin
631 780 690 822 suo
711 757 816 823 officio
838 758 956 843 cuique
977 758 1138 844 integram
1161 758 1273 824 obedi·

244 872 364 936 entiam
381 870 571 957 Collegiales
593 878 770 956 praestent3
800 870 908 935 etalii
930 869 1081 935 officiales
1103 870 1272 952 Ministro,

244 995 288 1058 et,
299 982 361 1047 sibi
387 982 484 1047 etiam
509 981 583 1067 ipsi,
607 993 704 1068 prout
725 981 812 1045 idem
834 981 1078 1068 praescripserit.
1124 981 1214 1046 Illud
1237 983 1272 1047 in

244 1072 431 1159 universum
445 1088 652 1159 admonuisse
667 1093 818 1158 convenit
830 1119 839 1174 3
862 1116 929 1172 eos,
939 1094 996 1178 qui
1011 1115 1122 1158 curam
1134 1093 1272 1158 aliorum

245 1229 312 1271 suae
335 1206 526 1270 obedientiae
550 1204 754 1270 subditorum
776 1205 911 1284 habent,
933 1205 1047 1290 praeire
1070 1196 1272 1270 eisdem'ex-

224 1319 352 1405 ‘emplo
374 1318 577 1398 obedientiae,
600 1340 697 1403 quam
721 1318 788 1382 suis
812 1317 1041 1403 Superioribus
1065 1318 1186 1382 curuo·
1206 1320 1271 1384 loco

244 1430 375 1518 ipsimet
388 1442 557 1517 praestent,
573 1443 731 1516 oportere.

201 1551 222 1607 9
244 1544 299 1606 Ad
313 1543 422 1607 omnia
436 1543 579 1608 conferet
594 1543 749 1629 temporis
765 1542 843 1606 ordo
859 1537 896 1605 in
915 1541 1043 1622 studiis,
1059 1541 1272 1626 orationibus,

245 1655 363 1734 missis,
377 1654 582 1734 lectionibus,
597 1654 681 1735 cibo,
697 1675 822 1733 somno,
838 1665 871 1717 et
890 1652 925 1717 in
947 1653 1078 1738 reliquis
1102 1668 1271 1736 servatus3

245 1779 277 1832 et
302 1767 431 1852 signum
456 1760 642 1831 constitutis
668 1766 756 1831 horis
781 1765 894 1845 detur3
926 1788 992 1851 quo
1022 1766 1133 1832 audito
1157 1789 1271 1834 omnes

246 1880 355 1944 statim
374 1879 426 1943 vel
445 1880 630 1962 imperfecto
655 1881 763 1943 littera
785 1881 897 1943 relicta
919 1880 960 1943 ad
982 1879 1027 1958 id,
1042 1879 1084 1943 ad
1105 1881 1196 1965 quod
1216 1905 1271 1946 vo-

245 2005 372 2072 cantur,
395 2016 429 2057 sc
453 1993 629 2057 conferant.
675 1991 747 2056 Erit
770 1999 878 2056 autem
900 2014 1001 2078 pcnes
1018 1993 1202 2076 Rectorem,
1221 1994 1272 2060 vel

246 2127 332 2185 eum,
358 2104 415 2190 qui
439 2103 560 2190 primas
584 2103 718 2185 tenebit,
742 2104 777 2168 id
795 2127 881 2168 curae
893 2129 902 2185 3
933 2115 971 2168 ut
996 2104 1116 2186 videat,
1140 2107 1271 2191 quando

245 2219 297 2281 hae
317 2206 405 2282 horae
430 2239 490 2303 pro
515 2228 710 2303 temporum,
735 2216 788 2281 vel
813 2217 948 2281 aliarum
969 2239 1139 2282 causarum
1159 2241 1272 2284 occur-

245 2335 387 2401 rentium
409 2335 532 2400 ratione
554 2335 720 2399 mutandae
743 2335 830 2414 sint3
857 2345 890 2399 et
907 2335 996 2420 quod
1018 2334 1087 2420 ipse
1111 2337 1271 2417 statuerit,

246 2447 442 2511 observetur.
599 2440 602 2450 ’

183 2566 224 2623 10
246 2559 366 2622 Rector
386 2557 456 2643 ipse
481 2557 598 2643 legere,
625 2568 681 2622 aut
708 2558 821 2622 docere
847 2557 1067 2622 Christianam
1090 2557 1271 2622 doctrinam

246 2669 459 2756 quadraginta
481 2668 549 2734 dies
573 2669 679 2735 debet.
723 2670 840 2735 Videat
863 2671 971 2751 etiam,
994 2671 1050 2756 qui
1073 2693 1113 2735 ex
1130 2670 1272 2757 Collegi-

247 2782 361 2862 alibuS,
377 2793 409 2847 et
424 2783 465 2845 ud
481 2805 577 2867 quem
592 2805 695 2868 usque
710 2782 847 2848 limitem
863 2783 951 2848 domi
974 2796 1007 2849 et
1027 2783 1106 2848 foris
1121 2783 1156 2846 in
1173 2783 1272 2848 eollo·

248 2895 343 2980 quiis,
368 2895 588 2981 spiritualibus
618 2894 777 2960 exercitiis
807 2895 984 2977 tradendis,
1014 2895 1272 2961 confessionibus

247 3006 426 3087 audiendis
441 3018 513 3071 tum
528 3007 625 3071 etiam
640 3007 675 3071 in
691 3007 912 3088 concionibus,
926 3006 979 3072 vel
1000 3006 1206 3088 lectionibus,
1221 3007 1273 3073 vel

247 3120 394 3184 doctrina
421 3119 605 3184 Christiana
631 3121 787 3184 tradenda
810 3120 929 3206 partim
948 3120 989 3185 ad
1009 3119 1156 3206 ipsomm
1182 3142 1273 3184 exer-

246 3232 432 3310 citationem
456 3232 629 3317 (praecipue
654 3231 715 3295 sub
742 3232 841 3295 finem
868 3231 1061 3314 studiorum)
1086 3231 1207 3317 partim
1229 3231 1272 3296 ob

247 3344 382 3408 aliorum
398 3342 658 3423 domesticorum,
673 3342 725 3408 vel
746 3354 955 3408 externomm
976 3345 1120 3408 fructum
1143 3342 1214 3408 aliis
1237 3366 1272 3408 se

217 3482 219 3485 ·
247 3454 484 3520 communicare
515 3454 674 3519 debeant:
713 3465 745 3520 et
774 3455 809 3520 in
839 3455 991 3521 omnibus
1021 3456 1109 3541 quod
1136 3454 1273 3520 senserit

247 3568 365 3633 divinae
386 3590 422 3632 ao
446 3590 581 3633 summae
605 3568 743 3634 bonitati
769 3569 903 3655 gratius,
930 3581 962 3634 et
989 3569 1031 3633 ad
1052 3569 1155 3655 ipsius
1178 3570 1273 3634 obse·

247 3680 360 3763 quium
385 3702 421 3745 ac
451 3679 585 3766 gloriam
614 3680 780 3767 majorem,
810 3681 961 3746 omnibus
991 3680 1171 3768 perpensis,
1196 3700 1284 3767 pro-‘

247 3792 363 3858 videat.
