2646 4732
539 351 632 395 rann
657 349 772 395 noun.
1137 333 1197 391 121

180 520 420 608 pertinentibus,
441 541 516 606 quae
538 519 685 585 altiorem
708 517 998 583 considerationem
1020 515 1200 601 postulant,
1247 507 1249 512 ’

176 633 277 720 juvare
292 633 512 722 Praepositum
527 656 565 699 ac
581 633 748 699 sublevare
764 630 896 696 debent.
943 631 1066 694 Praeter
1086 629 1121 693 id
1143 651 1200 693 au-

179 758 247 827 tam,
273 754 308 812 et
333 747 422 832 quod
449 746 548 811 rebus
574 745 687 809 multis
713 743 830 808 melius
854 741 1016 828 provideri
1044 762 1104 826 per
1128 740 1201 805 illos

177 858 300 943 poterit,
314 857 549 944 praedicationi,
571 857 714 936 lectioni,
737 854 996 921 confessionibus
1017 853 1201 935 audiendis,

176 976 202 1033 et
215 969 285 1033 aliis
301 969 397 1034 bonis
412 991 450 1035 ac
465 970 528 1055 piis
544 969 697 1055 operibus
719 969 762 1033 ad
775 967 840 1034 Dei
862 967 998 1053 gloriam
1021 979 1054 1031 et
1077 967 1201 1031 anima-

174 1103 240 1144 rum
254 1081 412 1146 auxilium
426 1103 539 1147 vacare
554 1092 720 1168 poterunt.
763 1076 768 1080 ’

131 1199 156 1256 ll
174 1194 314 1258 Numero
349 1205 459 1258 autem
495 1194 684 1279 hujusmodi
721 1193 909 1258 assistentes
938 1213 1027 1256 nuno
1067 1190 1199 1277 quidem

175 1301 309 1389 quatuor
334 1317 450 1385 erunt3
488 1316 521 1369 et
545 1305 677 1391 quidem
706 1305 754 1368 illi
780 1304 844 1389 ipsi
870 1325 940 1369 esse
969 1311 1136 1388 poterunt,
1161 1305 1201 1368 de

174 1417 288 1502 quibus
305 1418 454 1503 superins
470 1419 590 1504 pagina
607 1425 667 1483 115
685 1418 886 1482 dictumest.
928 1416 1076 1482 Quanvis
1092 1426 1201 1481 autem

173 1551 219 1593 res
245 1528 409 1615 graviores
434 1552 510 1595 cum
534 1531 581 1596 eis
605 1530 782 1595 tractandae
807 1529 884 1608 sint,
909 1529 1073 1592 statuendi
1092 1540 1202 1593 tamen

173 1642 317 1721 facultas,
326 1642 501 1728 postquim
517 1665 572 1708 eos
588 1642 735 1722 audierit,
745 1663 847 1727 penes
864 1641 1079 1726 Praepositum
1093 1641 1202 1706 Gene-

175 1755 271 1819 ralem
286 1754 359 1818 erit.
669 1806 672 1810 Δ

129 1871 157 1926 lt
175 1865 212 1929 In
225 1866 323 1930 tertio
339 1865 468 1946 auxilio,
483 1865 633 1930 videlicet
648 1865 824 1950 diligentiae
846 1866 888 1929 ad
910 1865 1136 1949 exequendum
1151 1864 1202 1929 vel

174 1978 401 2064 complendum
425 1978 514 2063 quod
543 1979 585 2041 ad
614 1999 665 2042 res
696 1977 851 2043 Societati
881 1977 1077 2042 necessarias
1103 1976 1201 2040 fuerit

174 2089 397 2170 constitutum,
419 2088 603 2174 cujusmodi
626 2100 736 2154 essent
757 2088 900 2173 negotia,
924 2111 997 2172 quae
1021 2089 1061 2151 ad
1088 2087 1201 2152 domos

174 2201 221 2266 vel
242 2201 379 2286 collegia
399 2201 575 2286 pertinent,
598 2201 759 2287 expedire,
781 2200 967 2264 tumetium
984 2220 1056 2283 quae
1071 2197 1201 2262 illorum

175 2324 258 2392 sunt,
283 2312 473 2377 defendere:
507 2324 540 2377 et
566 2312 745 2398 generatim
775 2313 817 2376 ad
842 2334 893 2376 res
920 2332 1033 2374 omnes
1059 2310 1201 2395 agendas

175 2426 311 2490 multum
326 2425 481 2505 conferet,
495 2425 596 2489 immo
617 2424 836 2490 necessarium
858 2434 909 2488 est
931 2424 1028 2487 unius
1046 2422 1202 2487 Procura-

174 2537 248 2601 toris
269 2535 430 2622 generalis
451 2535 621 2602 societatis
643 2535 821 2615 auxilium3
857 2534 1064 2620 quiquidem
1088 2535 1202 2599 Romae

174 2648 318 2730 resident,
348 2672 386 2714 ac
414 2649 599 2735 prudentia,
636 2648 803 2727 fidelitate,
833 2660 866 2713 et
903 2648 1095 2713 dexteritate
1126 2671 1202 2712 cum

175 2761 359 2827 hominibus
375 2761 502 2847 agendi,
518 2773 552 2827 et
566 2761 718 2826 omnibus
742 2761 812 2826 aliis
835 2761 966 2825 dotibus
988 2761 1119 2846 polleat,
1133 2783 1202 2824 non

175 2884 280 2939 tamen
296 2874 465 2939 Professus
481 2873 534 2953 sit,
550 2895 610 2938 nec
629 2873 665 2937 in
686 2873 838 2937 domibus
855 2872 1025 2938 societatis
1047 2873 1201 2959 professae

175 2985 307 3066 habitet,
323 2985 381 3050 sed
395 2985 428 3049 in
445 2985 507 3050 alia
524 2985 576 3069 (de
594 3006 659 3070 qua
682 2984 807 3050 dictum
829 2996 879 3049 est
901 2984 936 3048 in
958 2995 1073 3069 quarta
1094 2985 1198 3069 purte)

176 3098 311 3182 quisuis
334 3097 432 3162 etiam
454 3097 592 3178 auxiliis,
607 3119 644 3161 ao
667 3097 824 3162 ministris
847 3097 889 3160 ad
911 3117 948 3159 ea
969 3095 1111 3179 negotia,
1127 3117 1200 3180 quae

176 3210 259 3274 solus
274 3231 343 3275 non
357 3220 467 3294 potest
481 3209 650 3288 conficere,
666 3207 853 3273 necessariis
869 3207 1065 3273 sublevetur.

132 3323 164 3388 lt
176 3321 259 3387 Cum
275 3344 352 3407 ergo
369 3322 566 3408 Praepositus
581 3321 770 3407 hujusmodi
791 3320 910 3386 habeat
926 3319 1055 3400 similia,
1070 3332 1200 3405 tempus

176 3434 274 3518 (quod
297 3434 429 3519 quidem
454 3434 618 3513 valetudo,
645 3446 677 3498 et
707 3434 791 3498 vires
821 3433 965 3519 corporis
994 3433 1197 3519 permittent)

175 3546 290 3630 partim
309 3567 385 3610 cnm
405 3547 488 3626 Deo,
514 3547 633 3631 partim
660 3568 735 3610 cum
758 3545 959 3625 officialibus,
982 3556 1014 3610 et
1037 3544 1201 3608 Ministris

176 3657 360 3743 hujusmodi
374 3658 512 3744 agendo,
527 3658 646 3743 partim
662 3680 772 3724 seeum
793 3680 939 3723 seorsum
955 3656 1201 3736 considerando,

177 3789 211 3833 aa
232 3791 309 3897 cup
333 3769 452 3835 auxilio
479 3781 512 3834 et
537 3769 644 3835 favore
669 3769 733 3834 Dei
756 3792 793 3834 ao
817 3769 952 3834 Domini
973 3767 1087 3847 nostri,
1112 3768 1201 3853 quod

179 3883 410 3966 agendumst,
426 3884 609 3963 statuendo,
624 3883 801 3968 impendet.
879 3870 881 3874 ¹

135 3992 164 4053 ll
181 3991 344 4080 Praepositi
368 3994 467 4060 etiam
489 3995 716 4074 Provinciales,
739 4007 771 4060 et
792 3996 946 4060 Rectores
970 3992 1200 4080 Collegiorum,

181 4105 226 4169 vel
234 4106 404 4194 Praepositi
417 4107 627 4193 particulares
643 4108 814 4176 domorum
829 4108 896 4173 suis
912 4105 1037 4171 auxiliis
1052 4106 1202 4192 pluribus
