2646 4732
115 325 174 380 116
489 331 816 377 cousmrurronuu

176 503 262 566 idem
279 501 430 585 suffragia
444 499 639 585 promulget,
655 520 738 582 quae,
754 508 792 560 ut
807 495 979 575 sufficiant,
996 496 1077 560 duas
1093 497 1204 561 tertias

177 624 286 700 partes
301 612 458 676 excedant
473 617 619 696 oportet3
642 620 675 673 et
690 621 769 673 tunc
789 629 826 672 eo
850 607 1008 694 deposito,
1031 608 1143 672 statim
1165 608 1204 671 de

179 725 240 789 alio
262 723 410 808 eligendo
431 733 566 807 agatur:
601 732 644 800 et,
666 721 692 783 si
712 719 782 782 fieri
798 730 918 804 potest,
936 742 1003 784 non
1019 718 1115 804 ,prius
1130 700 1204 783 inde

177 835 394 921 egrediantur,
417 835 514 918 quam
538 832 680 896 Societas
698 831 890 895 Generalem
908 831 1126 916 Praepositum
1147 832 1204 893 ha-

177 947 273 1010 beat:
301 957 333 1009 et
349 945 377 1009 si
392 967 429 1008 eo
451 945 502 1008 die
524 966 575 1007 res
595 942 731 1028 transigi
751 965 818 1007 non
835 943 966 1028 poterit,
985 942 1021 1006 in
1045 941 1204 1027 sequenti,

178 1061 229 1124 vel
252 1082 350 1145 quam
372 1057 612 1144 expeditissime
634 1057 704 1120 fieri
726 1056 856 1142 poterit,
872 1056 1148 1141 quemadmodum
1169 1055 1203 1119 in

178 1184 291 1237 octava
305 1183 397 1256 parte
413 1171 537 1234 dictum
552 1181 613 1249 est,
628 1169 835 1254 transigatur.

134 1294 153 1349 5
179 1285 214 1349 Si
229 1284 374 1349 defectus
395 1282 587 1369 deprehensi
604 1304 670 1345 non
690 1282 811 1346 fuerint
829 1281 998 1368 ejusmodi,
1019 1292 1057 1345 ut
1073 1280 1204 1366 privan-

178 1397 239 1458 dus
255 1394 359 1458 officio
376 1417 446 1472 suo,
462 1393 519 1457 sed
539 1403 667 1456 tantum
691 1392 900 1476 corrigendus
917 1391 1102 1469 videretur3
1125 1412 1203 1475 qua-

177 1518 251 1569 tuor
266 1506 436 1591 eligantur,
452 1504 570 1589 quibus
585 1525 663 1567 cura
677 1503 867 1588 injungatur
889 1501 1116 1567 considerandi
1131 1523 1202 1586 quae

178 1616 332 1695 correctio
348 1617 378 1679 ci
393 1615 581 1680 conveniat:
609 1615 684 1678 etsi
700 1637 766 1679 non
788 1615 875 1678 idem
898 1636 1011 1678 omnes
1035 1612 1203 1693 sentirent,

177 1728 309 1813 paribus
333 1726 493 1812 suffragiis
520 1726 744 1806 existentibus,
767 1726 901 1810 quintus
924 1725 1133 1810 adjungatur,
1153 1723 1203 1788 vel

90 1846 93 1850 ’
177 1850 242 1902 tres
258 1839 332 1917 alii;
355 1849 403 1917 ut,
419 1838 498 1923 quid
513 1838 547 1901 in
563 1838 706 1901 Domino
722 1837 903 1917 conveniat,
918 1836 1132 1901 constituant.

133 1959 153 2014 6
178 1951 213 2015 Si
228 1951 385 2014 accideret
402 1949 617 2034 Praepositum
634 1948 827 2013 Generalem
843 1949 884 2012 ad
900 1947 1070 2013 Societatis
1085 1946 1203 2032 guber-

177 2061 341 2133 nationem
357 2084 426 2125 esse
440 2061 600 2140 inutilem,
615 2083 649 2124 re
665 2061 783 2146 partim
799 2082 907 2124 coram
922 2083 971 2139 eo,
986 2070 1019 2123 et
1034 2059 1202 2150 partimin

176 2174 246 2260 ejus
267 2173 413 2238 absentia
433 2173 563 2258 agitata,
586 2173 785 2258 dispiciatur,
807 2195 848 2236 an
869 2172 943 2256 eligi
963 2171 1130 2236 Vicarium
1148 2171 1204 2236 ab·

177 2287 283 2350 soluta
306 2308 382 2349 cum
408 2295 580 2370 potestate,
604 2284 740 2369 quanvis
772 2284 840 2348 sine
871 2283 1002 2353 nomine,
1032 2282 1204 2369 Rraepositi

178 2397 346 2461 Generalis
368 2395 524 2480 (quandiu
549 2395 665 2460 vixerit
690 2395 747 2480 qui
766 2407 846 2460 tunc
868 2397 947 2478 erat)
972 2401 1139 2481 oporteat:
1170 2405 1203 2458 et

176 2508 220 2586 id,
236 2508 263 2570 si
278 2506 437 2593 pluribus,
453 2529 549 2591 quam
573 2506 714 2571 dimidiae
735 2507 820 2592 parti
843 2506 1080 2592 suffragiorum,
1096 2506 1202 2571 visum

175 2619 283 2698 fuerit,
308 2619 353 2682 sic
380 2619 540 2702 agendum
567 2619 636 2682 erit.
683 2618 717 2682 Si
741 2619 774 2681 id
798 2618 1015 2682 necessarium
1037 2618 1107 2682 fore
1134 2639 1201 2682 non

170 2728 365 2814 judicarent,
379 2729 557 2793 videndum
572 2729 643 2809 erit,
659 2752 701 2793 an
715 2743 833 2815 praeter
848 2730 1012 2793 ministros
1027 2729 1111 2809 illos,
1121 2751 1202 2814 quo-

175 2862 248 2903 rum
270 2862 367 2925 opera
388 2840 555 2904 Generalis
577 2840 740 2921 utebatur,
764 2840 907 2905 Societas
930 2841 1008 2904 alios
1031 2841 1200 2925 providere

175 2951 301 3030 debeat,
316 2963 365 3030 ut,
380 2951 547 3016 sublevato
562 2952 665 3036 magis
682 2975 719 3016 eo
735 2961 768 3016 ct
783 2953 905 3038 adjuto,
921 2953 987 3015 non
1003 2951 1201 3016 desiderare-

174 3075 238 3142 tur,
258 3064 345 3151 quod
368 3064 409 3126 ad
431 3063 697 3149 gubernationem
721 3064 889 3129 Societatis
912 3063 1110 3128 conveniret.
1155 3064 1201 3127 Et

173 3175 269 3239 eain
294 3198 328 3239 re
353 3175 444 3260 sequi
468 3175 629 3261 oportebit
654 3177 742 3260 quod
767 3176 852 3262 plus,
874 3198 971 3261 quam
994 3175 1103 3239 media
1122 3198 1198 3261 pars

175 3310 297 3366 eorum,
318 3289 374 3372 qui
399 3289 585 3373 congregati
613 3295 700 3368 sunt,
724 3289 899 3353 statuerit:
929 3287 964 3352 Si
985 3300 1136 3372 ageretur
1160 3289 1199 3352 de

173 3398 342 3483 dignitate,
357 3420 455 3483 quam
471 3408 508 3462 ut
522 3399 700 3484 plurimum
721 3400 791 3484 pati
813 3423 879 3463 non
902 3411 1011 3485 potest
1026 3399 1199 3486 Praepositi

173 3511 333 3591 officium3
357 3511 465 3575 sinon
481 3511 673 3597 compulerit
689 3512 761 3576 talis
778 3511 960 3577 obedientia
975 3512 1096 3575 summi
1113 3514 1199 3578 Pon-

172 3624 279 3703 tificis,
296 3645 368 3708 quae
384 3625 425 3687 ad
439 3635 610 3709 peccatum
626 3623 766 3709 obligare
782 3635 892 3710 posset
901 3650 911 3704 3
937 3647 988 3688 res
1011 3625 1046 3688 in
1068 3626 1200 3690 consul-

172 3735 328 3799 tationem
345 3757 386 3798 ne
402 3735 601 3800 adducatur:
625 3736 683 3800 sed
697 3735 732 3799 id
745 3736 877 3799 omnino
893 3747 1049 3821 tanquam
1072 3748 1199 3802 certum

172 3847 361 3926 tenendum,
384 3869 444 3910 nec
467 3846 593 3926 debere,
608 3869 668 3911 nec
690 3869 785 3931 posse
808 3869 1003 3911 consensum
1024 3848 1066 3912 ad
1084 3847 1199 3934 hujus-

171 3956 259 4019 modi
275 3957 465 4042 dignitatem
481 3958 714 4023 admittendam
729 3958 886 4043 praestari.
