2646 4732
505 355 597 400 nans
622 354 803 400 SECUNDA.
1158 340 1197 397 19

146 532 160 588 8
179 522 218 589 Ut
238 521 375 586 satisfiat
398 520 467 584 aliis
488 521 684 598 domesticis,
711 530 743 583 et
767 518 918 596 externis,
940 518 1000 582 tria
1022 518 1119 582 etiam
1140 520 1198 583 ob-

176 646 347 699 serventur.

175 747 315 810 Primum
331 755 392 823 est,
407 754 445 806 ut
460 742 572 806 sedulo
588 753 729 820 curetur,
745 765 786 805 ne
802 742 881 825 quid
896 740 1148 826 perturbationis
1163 741 1198 804 in

171 857 302 942 alicujus
333 855 443 919 animo
477 865 610 939 propter
647 853 867 916 dimissionem
905 864 1045 932 maneat,
1074 851 1198 915 ratione

170 969 304 1047 reddita,
319 978 479 1051 quantum
494 966 572 1029 satis
596 965 667 1044 erit,
690 965 807 1048 quibus
831 965 923 1028 reddi
947 987 1030 1050 opus
1051 964 1111 1027 sit:
1143 964 1199 1027 ab·

171 1079 331 1158 stinend0,
347 1089 507 1162 quantum
522 1076 592 1141 fieri
611 1075 743 1161 poten't,
759 1098 778 1139 a
800 1075 990 1154 defectibus,
1006 1075 1062 1159 qui
1076 1076 1199 1161 publici

169 1212 233 1254 non
248 1188 383 1268 fuerint,
399 1187 598 1252 declarandis
610 1212 619 1266 3
643 1187 780 1271 quanvis
806 1186 841 1250 in
863 1209 912 1265 eo,
935 1187 991 1270 qui
1014 1186 1199 1266 dimittitur,

170 1301 319 1366 nonnulli
334 1300 527 1386 deprehensi
541 1300 691 1363 fuissent.
825 1280 829 1283 ι

135 1414 340 1491 9Alterum3
371 1423 411 1475 ut
437 1412 615 1490 studeatur,
634 1433 675 1474 ne
701 1410 785 1474 male
809 1410 915 1474 affecti
937 1423 1100 1490 maneant,
1125 1433 1201 1497 erga

171 1525 352 1603 dimissum,
373 1535 405 1587 et
428 1534 586 1608 quantum
607 1522 676 1587 fieri
702 1522 817 1607 possit,
836 1545 875 1586 ne
900 1524 939 1586 de
962 1546 1000 1586 eo
1023 1523 1106 1587 male
1127 1547 1200 1589 sen-

172 1638 274 1717 tiant,
299 1636 357 1700 sed
378 1635 487 1721 potius
511 1635 580 1721 ejus
595 1634 699 1699 vicem
714 1634 856 1713 doleant,
872 1646 904 1698 et
926 1635 961 1697 in
978 1635 1109 1700 Christo
1125 1659 1200 1701 eum
1229 1675 1230 1678 =
1267 1675 1268 1679 =

173 1749 318 1833 diligant,
334 1768 371 1810 ac
387 1747 504 1812 divinae
519 1745 687 1831 Majestati
701 1746 736 1809 in
756 1746 824 1810 suis
847 1747 1056 1827 orationibus,
1072 1759 1110 1812 ut
1126 1772 1200 1813 eum

174 1861 319 1946 dirigere,
341 1871 374 1924 et
397 1859 426 1922 ei
448 1857 706 1923 Misericordiam
728 1859 916 1944 impendere
938 1860 1091 1944 dignetur
1113 1884 1201 1925 com-

174 1972 337 2035 mendent.

128 2089 159 2146 10
176 2083 330 2162 Tertium,
352 2093 390 2146 ut
413 2083 507 2146 detur
529 2104 637 2167 opera,
659 2093 697 2145 ut
719 2083 789 2168 ejus
812 2084 960 2169 exemplo
982 2085 1150 2170 juventur,
1174 2088 1200 2151 si

178 2195 228 2278 qui
242 2193 361 2258 minori
376 2216 451 2257 cum
473 2193 697 2273 aedificatione,
713 2195 809 2277 quam
832 2217 891 2280 par
913 2206 998 2259 esset
1020 2196 1108 2259 domi
1130 2220 1201 2261 ver·

179 2317 307 2384 sannir3
339 2315 372 2368 et
394 2305 540 2383 timeant,
560 2328 602 2368 ne
625 2305 686 2369 sibi
709 2306 903 2370 tantundem
926 2307 1061 2385 accidat,
1085 2307 1112 2370 si
1134 2331 1201 2372 non

180 2417 362 2480 annitantur
380 2417 546 2501 proficere.
591 2417 636 2480 Et
661 2420 784 2482 externi
807 2418 931 2498 itidem,
954 2419 1072 2502 quibus
1095 2419 1129 2482 id
1151 2420 1201 2484 in-

181 2529 327 2607 notuerit,
349 2527 596 2591 aedificationem
619 2529 790 2615 accipiant,
814 2532 901 2614 quod
926 2531 1100 2595 dominon
1122 2533 1201 2597 tole-

181 2652 295 2718 rentur,
311 2661 392 2723 quos
409 2637 536 2703 tolerari
551 2640 593 2702 ad
608 2640 671 2703 Dei
686 2641 821 2725 gloriam
838 2664 904 2706 non
920 2645 1081 2709 convenit.

138 2984 290 3033 tuouono
307 2990 348 3033 sn
366 2989 488 3033 anans
509 2988 679 3033 samaras
698 2989 774 3034 cuu
796 2991 856 3049 11s,
880 2991 944 3038 Qui
970 2991 1040 3034 sus
1064 2992 1200 3037 sponsu

247 3100 505 3158 ancunnnsus,
521 3102 594 3144 vnn
612 3101 703 3149 auos
722 3101 804 3145 msa
822 3102 1062 3145 mumrsnns.

566 3191 664 3256 cAP.
690 3192 749 3255 IV.

154 3307 163 3362 l
184 3303 252 3370 (lm
268 3303 489 3383 dimittuntur,
502 3303 555 3367 vel
568 3303 684 3389 injussi
699 3305 870 3368 discedunt
891 3306 931 3369 ab
954 3305 1060 3389 aliquo
1082 3305 1153 3368 loco
1168 3306 1202 3369 in

184 3415 275 3479 alium
305 3415 450 3501 ejusdem
482 3415 663 3495 societatis,
692 3416 845 3481 videntur
874 3417 968 3482 nobis
997 3418 1032 3481 in
1059 3418 1202 3482 Domino

184 3527 370 3592 admittendi
385 3550 452 3591 non
467 3549 548 3607 esse,
563 3528 626 3592 nisi
641 3528 731 3614 prius
752 3529 807 3613 qui
828 3529 960 3609 dimisit,
982 3530 1033 3595 vel
1055 3530 1111 3613 qui
1131 3530 1203 3594 loco

182 3650 305 3724 praeest,
320 3640 409 3704 unde
424 3639 568 3726 injussus
583 3640 742 3720 discessit,
756 3641 808 3705 vel
822 3641 942 3726 alioqui
952 3641 1131 3721 Generalis
1146 3654 1204 3706 aut

182 3751 233 3834 qui
262 3750 332 3837 ejus
362 3750 448 3815 vices
477 3752 571 3835 gerit,
601 3752 786 3817 admonitus
817 3776 912 3817 suum
936 3752 1123 3838 praestiterit
1153 3776 1203 3817 as-

182 3882 330 3941 sensum3
369 3884 410 3926 ne
441 3863 585 3927 desectus
616 3864 810 3949 cognitionis
846 3886 965 3942 rerum,
996 3875 1052 3928 aut
1093 3887 1203 3951 perso-

180 3993 292 4037 narum
307 3973 443 4059 alicujus
459 3975 572 4039 erroris
587 3975 622 4039 in
638 3975 701 4040 Dei
716 3977 871 4040 offensam
887 3997 984 4040 causa
998 3976 1051 4042 sit.

144 4083 515 4153 tcommunicationem
552 4100 660 4154 autem
697 4089 899 4168 facultatum,
930 4101 986 4154 aut
1016 4089 1202 4175 gratiarum,

1197 4360 1303 4456 t
