2646 4732
502 352 594 397 rias
619 353 781 400 ausari.
1150 335 1192 411 47

165 524 353 588 Romanum
382 528 422 583 ut
451 518 554 603 magis
590 517 816 599 universalem,
845 529 878 581 et
915 539 1012 602 quem
1041 518 1195 603 peculiari

165 635 309 721 quadam
322 632 449 698 ratione
465 629 566 696 Sedes
581 630 770 716 Apostolica
789 631 937 717 amplexa
959 642 1020 711 est,
1034 643 1193 716 quantum

165 748 310 834 patietur
323 745 497 831 regionum
510 743 659 823 varietas,
675 754 837 828 sequetur.

126 869 144 926 3
167 861 208 925 In
231 857 447 924 concionibus
467 856 576 935 etiam,
596 867 629 920 ct
650 856 685 919 in
708 856 807 920 sacris
827 855 1020 921 lectionibus
1040 878 1078 920 eo
1098 856 1194 920 modo

165 969 401 1058 proponendis,
426 967 482 1052 qui
507 966 713 1032 aedificationi
743 968 856 1053 populi
886 968 1056 1032 conveniat
1084 969 1151 1054 (qui
1178 991 1197 1032 a

167 1081 372 1148 Scholastico
388 1079 533 1145 diversus
548 1080 609 1163 est)
622 1101 656 1143 se
672 1079 769 1143 etiam
784 1087 964 1160 exerceant,
980 1080 1196 1166 studeamque

170 1195 212 1258 ad
238 1194 274 1258 id
305 1214 426 1257 munus
453 1191 641 1257 obeundum
670 1191 816 1277 linguam
845 1192 967 1277 populo
992 1193 1196 1257 vernaculam

166 1308 250 1372 bene
266 1305 444 1370 addiscere.
489 1306 554 1369 Res
569 1303 667 1369 etiam
682 1303 760 1368 alias
779 1304 898 1369 vidisse
920 1316 1058 1390 oportet,
1074 1318 1107 1370 et
1129 1328 1197 1392 prae

167 1418 324 1484 manibus
353 1416 483 1497 habere,
512 1439 586 1502 quae
617 1415 659 1479 ad
688 1416 750 1480 hoc
780 1416 922 1481 officium
952 1417 1049 1482 utiles
1078 1419 1197 1483 futurae

169 1542 271 1612 sunt;
294 1552 332 1595 ac
352 1531 497 1609 demum,
518 1542 557 1594 ut
581 1529 698 1594 melius
721 1541 753 1593 et
776 1553 851 1595 cum
873 1529 988 1616 majori
1004 1532 1114 1596 fructu
1129 1533 1198 1596 ani-

169 1667 299 1710 marum
313 1643 350 1708 id
363 1664 485 1707 munus
500 1642 630 1722 obeant,
646 1643 786 1708 omnibus
800 1646 911 1708 mediis
925 1651 1069 1725 utantur,
1079 1646 1197 1729 quibus

170 1756 341 1822 commode
359 1754 467 1841 juvari
481 1754 618 1841 possint.

133 1877 151 1933 4
172 1869 212 1933 ln
241 1866 424 1934 ministerio
461 1866 558 1931 etiam
589 1866 873 1932 Sacramentorum
905 1869 1136 1949 Confessionis,
1167 1881 1199 1934 et

173 1978 423 2046 communionis
434 1998 504 2043 sese
515 1988 685 2043 exerceant
694 2003 704 2058 3
720 1992 753 2044 et
764 2002 830 2044 non
846 1979 951 2044 soldm
961 1981 1049 2064 quod
1061 1981 1102 2044 ad
1112 1981 1200 2066 ipso-

173 2117 256 2174 mm,
268 2093 327 2158 sed
336 2093 434 2157 etiam
446 2093 534 2178 quod
546 2093 587 2157 ad
595 2091 835 2178 poenitentium,
845 2101 879 2158 et
889 2095 1200 2159 communicantium

175 2207 316 2272 officium
330 2205 483 2292 pertinet,
498 2217 536 2270 ut
557 2206 640 2271 bene
663 2228 700 2270 ac
721 2207 845 2271 utiliter
866 2208 908 2271 ad
928 2207 991 2271 Dei
1012 2207 1148 2293 gloriam
1163 2231 1201 2273 ca

175 2318 365 2406 percipiant,
380 2329 414 2384 et
427 2319 647 2404 frequentent,
661 2330 869 2404 perspectum
891 2317 1009 2384 habere
1029 2342 1065 2384 ac
1086 2322 1200 2404 exequi

177 2443 300 2496 curem.

142 2551 157 2606 5
178 2544 229 2608 Ad
244 2541 397 2608 exercitia
411 2540 591 2628 spiritualia
605 2540 675 2606 aliis
690 2543 857 2623 tradenda,
872 2544 1046 2629 postquam
1065 2545 1202 2632 quisquc

177 2656 210 2719 in
236 2676 270 2720 se
297 2676 336 2719 ea
358 2653 456 2719 fircrit
482 2664 646 2741 expertus,
671 2666 878 2734 assuescant3
911 2667 944 2721 et
968 2658 1047 2722 dent
1071 2680 1202 2744 operam

179 2789 301 2847 omnes,
312 2777 350 2831 ut
365 2777 398 2832 et
413 2789 526 2831 eorum
540 2767 673 2832 reddere
688 2767 856 2848 rationem,
866 2779 900 2831 et
914 2767 948 2832 in
964 2767 1027 2834 hoc
1039 2789 1201 2835 armorum

180 2878 396 2966 spiritualium
411 2901 528 2965 genere
544 2878 713 2944 tractando
732 2881 833 2965 (quod
847 2880 911 2945 Dci
926 2882 1029 2966 gratia
1044 2883 1085 2946 ad
1100 2882 1203 2968 ipsius

180 2993 371 3079 obsequium
386 3002 555 3078 tantopere
571 2993 715 3058 conferre
736 2993 889 3077 cernitur)
907 2993 1131 3060 dexteritatem
1145 2996 1204 3059 ha-

179 3105 252 3170 bere
266 3104 407 3192 possint.

144 3222 161 3279 6
181 3216 334 3282 Studium
349 3214 447 3281 etiam
463 3238 643 3302 congruum
659 3218 848 3281 admodum
869 3217 1033 3282 tradendae
1049 3216 1204 3284 doctrinae

182 3330 375 3396 Christianae
402 3328 646 3411 addiscendum,
671 3330 727 3417 qui
757 3330 800 3395 sit
829 3331 939 3417 captui
968 3354 1143 3418 puerorum
1167 3354 1204 3397 ae

180 3443 310 3508 rudium
326 3444 600 3524 accommodatus,
616 3443 817 3510 adhibeatur.

146 3553 162 3630 7
181 3555 227 3620 Ut
240 3554 276 3620 in
294 3554 443 3641 superius
459 3554 554 3650 dictis
567 3555 708 3642 proximi
723 3557 764 3620 ad
784 3556 867 3620 bene
889 3557 1063 3622 vivendum
1087 3557 1205 3642 juvan-

180 3679 252 3733 tur:
275 3669 323 3734 ita
338 3668 519 3733 curandum
535 3678 596 3750 est,
611 3680 649 3732 ut
669 3691 716 3748 ea,
739 3691 811 3753 quae
834 3670 876 3733 ad
896 3670 979 3735 bene
1002 3669 1205 3736 moriendum

182 3781 242 3847 illis
257 3780 442 3862 conferunt,
457 3781 697 3869 percipiantur3
726 3782 845 3868 quique
867 3784 984 3848 modus
1005 3781 1041 3847 in
1064 3804 1101 3848 eo
1124 3795 1206 3850 tem-

181 3916 266 3980 pore,
293 3894 328 3959 in
355 3916 422 3981 quo
448 3906 577 3960 tantum
607 3903 658 3961 est
683 3897 839 3963 momenti
864 3899 905 3961 ad
931 3897 1030 3961 finem
1054 3897 1206 3963 ultimum

183 4019 310 4072 atemae
323 4007 491 4074 felicitatis
505 4011 782 4095 consequendum,
797 4010 848 4077 vel
870 4009 911 4075 ab
927 4030 964 4074 ea
979 4009 1207 4092 excidendum,

182 4121 281 4186 teneri
297 4120 426 4201 debeat,
442 4121 650 4208 intelligatur.
