2646 4732
190 323 232 382 84

211 513 229 568 5

210 1411 229 1466 6

210 2408 228 2482 7

214 4090 232 4145 8

565 337 890 383 consrl'rurlonurt

254 506 307 585 Ei,
323 507 379 590 qui
394 506 440 569 sic
455 506 574 570 missus
588 507 696 586 fuerit,
710 507 806 592 plane
829 506 983 570 declarari
1004 506 1156 571 convenit
1177 506 1280 592 pluri·

254 620 344 682 mirm
366 620 552 683 missionem
577 642 680 700 suam,
706 632 739 684 et
769 642 916 705 scopum,
942 621 1006 704 quo
1036 621 1139 684 fertur
1159 620 1279 683 summi

255 731 421 795 Pontificis
435 731 594 810 intenti03
617 743 650 795 et
664 732 736 810 hoo,
748 734 777 794 si
790 735 868 815 ficri
876 738 994 813 potest,
1009 734 1043 795 in
1056 733 1197 813 scriptis,
1213 732 1277 815 quo

254 842 408 921 exactius,
424 843 512 925 quod
526 842 555 905 ei
570 841 754 927 injunctum
768 841 876 920 fuerit,
891 841 1012 927 expleri
1025 841 1140 926 possit.
1185 842 1277 905 Eun-

253 956 328 1019 dem
357 955 455 1019 etiam
485 954 639 1039 Superior
670 954 783 1040 juvare
814 955 956 1018 consiliis
986 976 1023 1018 ac
1052 955 1276 1035 instructione,

252 1068 430 1153 quoadejus
452 1067 521 1130 fieri
544 1067 674 1152 poterit,
694 1067 820 1130 curabit
831 1091 840 1145 3
868 1078 905 1130 ut
926 1067 961 1129 in
983 1067 1135 1130 omnibus
1156 1068 1200 1130 ad
1214 1066 1277 1131 Dei

253 1191 286 1244 et
309 1180 393 1244 sedis
413 1179 610 1265 Apostolicae
634 1178 838 1262 obsequium,
857 1178 968 1242 utilius
991 1199 1088 1242 suum
1109 1179 1287 1264 impendat.

253 1290 480 1356 ministerium.

254 1403 289 1466 si
313 1403 355 1465 ad
382 1401 587 1488 particularia
614 1402 696 1479 loca,
726 1412 870 1485 tempore
896 1399 1030 1463 minime
1055 1400 1194 1465 limitato
1220 1424 1276 1486 per

253 1535 418 1576 summum
441 1513 632 1576 Pontificem
654 1511 821 1574 mittetur:
853 1512 894 1574 ad
918 1522 983 1575 tres
1005 1533 1134 1575 menses
1155 1511 1276 1577 ibidem

251 1625 450 1688 manendum
464 1624 493 1687 oi
508 1646 577 1688 esse
592 1623 803 1708 intelligatur,
818 1633 851 1685 et
873 1623 987 1707 magis,
1003 1630 1060 1686 aut
1082 1623 1203 1703 minus,
1217 1647 1276 1709 pro

251 1738 348 1801 modo
368 1735 497 1821 majoris
528 1747 585 1798 aut
606 1735 740 1798 minoris
763 1733 938 1819 spiritualis
960 1735 1097 1815 fructus,
1123 1735 1181 1820 qui
1201 1735 1276 1800 inde

250 1847 373 1933 percipi
387 1846 560 1929 videbitur,
574 1846 626 1910 vel
642 1845 718 1909 alibi
733 1845 915 1930 sperabitur
923 1871 933 1924 ;
955 1845 1008 1910 vel
1027 1846 1158 1909 domum
1182 1858 1221 1911 ut
1236 1848 1277 1910 ad

250 1961 374 2025 bonum
398 1960 528 2045 aliquod
554 1958 733 2023 universale
758 1958 862 2043 magis
889 1958 1038 2043 expedire
1064 1958 1276 2044 judicabitur.

254 2074 337 2141 Quae
367 2073 475 2137 omnia
500 2072 597 2157 juxta
627 2070 808 2155 Superioris
839 2069 1018 2150 arbitrium,
1049 2071 1106 2155 qui
1131 2083 1276 2136 sanctam

252 2184 465 2248 intentionem
482 2183 653 2247 Pontifiois‘
665 2182 699 2244 in
716 2181 839 2245 Christi
854 2180 989 2245 Domini
1004 2182 1107 2245 nostri
1126 2183 1277 2269 obsequi-

252 2318 309 2358 um
324 2294 551 2372 considerabit,
567 2292 798 2377 transigentur.

253 2406 338 2470 Cum
353 2407 388 2468 in
402 2404 482 2469 locis
498 2404 673 2488 designatis
689 2403 812 2467 diutius
828 2402 888 2467 erit
902 2404 1131 2484 residendum3
1155 2404 1184 2468 si
1207 2405 1276 2469 fieri

251 2518 371 2605 poterit
394 2517 463 2581 sine
485 2517 678 2581 detrimento
700 2517 887 2603 principalis
912 2517 1087 2596 missionis,
1111 2528 1209 2602 atque
1228 2518 1277 2581 in-

252 2629 406 2692 tentionis
429 2627 548 2691 summi
568 2627 755 2707 Pontificis3
786 2628 991 2692 excursiones
1013 2629 1147 2712 aliquas,
1169 2629 1198 2693 si
1218 2651 1278 2714 po-

252 2740 338 2819 terit,
362 2752 394 2804 et
424 2762 499 2803 oum
528 2740 637 2803 fructu
661 2739 762 2803 divini
788 2739 909 2804 servitii
934 2762 987 2804 eas
1011 2741 1079 2804 fore
1104 2740 1277 2826 judicabit,

253 2852 368 2930 facere,
383 2874 450 2915 non
466 2850 526 2915 erit
541 2851 789 2928 inconveniens3
812 2863 850 2915 ut
868 2851 902 2915 in
925 2851 1004 2915 locis
1025 2851 1140 2917 vicinis
1155 2853 1278 2917 anima-

252 2985 325 3025 rum
356 2961 474 3025 auxilio
505 2962 658 3042 serviens,
688 2962 897 3047 postmodum
928 2963 969 3025 ad
999 2985 1065 3027 suae
1094 2963 1277 3028 residentiae

252 3073 362 3137 locum
387 3074 517 3137 redeat:
552 3072 586 3136 in
611 3095 675 3158 quo
700 3073 832 3158 quidem
855 3081 973 3158 praeter
996 3073 1040 3152 id,
1065 3075 1153 3158 quod
1176 3086 1227 3139 est
1250 3076 1278 3139 ei

252 3185 406 3272 peculiari
425 3186 548 3249 ratione
570 3184 755 3270 injunctum
773 3185 827 3269 (ad
848 3186 937 3269 quod
958 3185 1158 3271 praeoipuam
1181 3187 1278 3251 etiam

252 3300 395 3363 conferet
409 3320 531 3378 curam,
546 3320 606 3361 nec
620 3308 753 3382 propter
768 3296 845 3360 alias
866 3297 1060 3377 occasiones,
1074 3298 1150 3362 licet
1164 3299 1278 3378 bonas,

254 3410 353 3474 divini
369 3410 516 3495 obsequii
529 3408 748 3495 posthabebit)
766 3419 886 3494 potest,
902 3420 934 3472 et
957 3409 1053 3473 debet
1076 3410 1278 3475 considerare
1298 3439 1300 3442 ⁴

253 3521 371 3606 quibus
386 3521 456 3585 aliis
470 3521 505 3585 in
522 3520 630 3600 rebus,
645 3542 719 3604 quae
742 3520 783 3583 ad
798 3520 861 3585 Dei
883 3519 1029 3605 gloriam,
1044 3531 1078 3584 et
1097 3520 1279 3586 animarum

255 3635 391 3699 salutem
416 3634 594 3712 conferant,
621 3654 713 3697 suam
740 3654 871 3718 operam
899 3633 967 3696 sine
991 3633 1187 3698 detrimento
1212 3657 1279 3698 suae

254 3746 416 3810 missionis
435 3747 483 3828 (ut
498 3744 622 3807 dictum
638 3745 698 3826 est)
716 3744 819 3830 possit
834 3744 1030 3828 impendere.
1077 3744 1280 3830 Opportuni-

255 3869 354 3921 tatem
379 3867 498 3936 autem,
528 3877 625 3939 quam
651 3857 742 3919 Deus
766 3856 808 3918 ad
837 3855 871 3918 id
901 3855 1035 3936 dederit,
1060 3869 1221 3941 quantum
1247 3859 1281 3922 in

255 3970 368 4033 eodem
385 3968 554 4034 convenire
571 3967 742 4052 judicabit,
758 3990 774 4031 e
790 3967 941 4032 manibus
957 3968 1040 4032 elabi
1055 3991 1121 4034 non
1139 3971 1235 4035 sinet.

256 4082 309 4144 Ad
333 4082 431 4145 finem
462 4093 580 4145 nostrae
610 4079 817 4165 professionis
848 4102 884 4144 ao
914 4081 1138 4165 promissionis
1165 4082 1281 4147 melius
