2646 4732
565 353 890 401 oomswlrnrlomun

250 519 370 589 bouem
398 519 615 588 valetudinem
652 521 816 607 pertinent
852 533 925 590 tum
953 524 1208 591 eomervsudem
1238 526 1276 591 in

251 633 338 702 senis
359 642 393 699 et
414 632 546 718 quidem
565 631 660 700 iniis
681 634 873 720 presertim,
887 634 945 720 qui
959 656 999 701 ex
1013 643 1120 721 setete,
1134 637 1187 705 vel
1204 637 1276 703 aliis

250 745 290 813 de
316 743 421 811 musis
446 758 524 813 sunt
550 745 730 826 debiliores,
756 759 828 814 tum
853 746 1087 814 restituendam
1112 747 1148 815 in
1171 770 1276 835 aegro-

249 856 414 949 tentibus:
437 857 491 924 cui
506 857 625 925 debent
640 880 763 938 omnes,
778 858 954 926 sinuoso
969 858 1088 927 habere
1101 861 1274 942 senuerint,

249 969 284 1035 id
305 970 441 1049 referre3
473 981 511 1035 ut
536 971 576 1037 de
600 970 752 1050 remedio,
777 982 875 1057 prout
898 971 1037 1039 charitas
1061 972 1171 1059 exigit,
1195 995 1273 1038 con-

249 1080 392 1149 venienti
405 1081 623 1166 provideatur.

208 1195 226 1269 7
250 1193 291 1256 In
313 1192 364 1272 iis,
386 1215 458 1276 quae
480 1193 645 1278 pertinent
661 1193 704 1258 nd
728 1215 837 1259 rerum
860 1195 1087 1281 temporalium
1104 1216 1273 1263 conserva-

248 1305 382 1384 tionem,
398 1316 517 1390 preter
533 1327 644 1374 eurem
665 1305 765 1385 illam,
786 1328 885 1390 quem
907 1307 1059 1373 omnibus
1081 1307 1222 1375 chorites
1237 1320 1271 1373 et

247 1417 328 1481 ratio
343 1416 492 1502 imponit,
506 1438 638 1502 {equum
651 1418 723 1498 erit,
737 1417 832 1486 alicui
847 1418 1034 1486 demandari
1056 1419 1119 1485 hoe
1133 1441 1268 1499 munao,

248 1541 287 1595 ut
301 1540 457 1615 tanquam
471 1529 558 1597 bona
572 1530 707 1597 Domini
726 1531 829 1597 nostri
844 1530 867 1597 J
868 1553 927 1597 esu
942 1530 1065 1599 Christi
1086 1531 1220 1617 proprio
1235 1555 1272 1597 ea

248 1653 349 1710 curet.
392 1642 447 1709 Ad
461 1642 539 1710 elias
553 1642 650 1707 etiem
664 1642 859 1723 fimetiones,
878 1655 912 1709 et
934 1665 987 1709 ees
1009 1644 1183 1730 praecipue,
1199 1667 1272 1730 quae

248 1753 416 1822 honestius
444 1752 544 1833 domi,
574 1754 671 1838 quim
700 1753 777 1820 foris
806 1755 902 1834 fiunt,
932 1756 1112 1822 curandum
1141 1767 1203 1835 est,
1233 1767 1271 1820 ut

249 1866 434 1933 officialium
449 1866 648 1932 necessarius
669 1888 824 1932 numerus
846 1868 1081 1949 constituntur3
1102 1879 1137 1933 et
1157 1868 1272 1954 hujus-

249 1979 339 2045 modi
354 1976 459 2045 offiein
470 1978 682 2065 coadjutores
696 1978 731 2045 in
745 1978 842 2044 rebus
853 1979 1005 2059 externis,
1015 1980 1043 2044 si
1057 2001 1096 2045 en
1108 1979 1271 2065 ignorent,

249 2091 428 2172 addiscent,
449 2091 560 2159 omnis
580 2091 623 2157 od
643 2089 798 2175 majorem
819 2090 954 2177 gloriam
969 2092 1033 2157 Dei
1056 2091 1218 2159 Creatoris
1238 2104 1272 2156 et

197 2213 199 2222 '
249 2202 384 2272 Domini
398 2202 502 2272 nostri
517 2224 644 2290 semper
659 2203 838 2288 dirigendo.

448 2702 753 2806 QUARTA
799 2704 1003 2818 PAR&

217 2881 255 2944 de
268 2881 321 2960 iis,
330 2881 384 2962 qui
398 2881 433 2944 tn
444 2879 602 2946 Societote
615 2884 803 2961 retinentur,
817 2885 1010 2948 instruendis
1023 2885 1058 2946 n'n
1072 2882 1191 2946 litteris
1205 2890 1236 2945 et

344 2995 428 3076 aliie,
443 3015 509 3076 qum
523 2995 567 3059 ud
581 2997 746 3078 prosimos
757 2995 917 3078 juvandos
932 2997 1107 3079 conferrent.

681 3163 769 3194 -ἱ

536 3292 909 3372 PROOEMIUM.

207 3438 221 3493 1
250 3424 410 3642 CUM
438 3454 566 3518 scopus,
590 3433 632 3499 sd
660 3455 758 3518 quem
783 3434 926 3499 Societas
954 3436 1042 3499 recti
1070 3432 1187 3511 tendit,
1214 3432 1266 3512 sit,

336 3565 410 3608 suas
425 3565 462 3609 ae
476 3543 697 3629 proximorum
712 3546 834 3611 enimes
850 3548 892 3611 od
909 3547 1006 3612 finem
1021 3546 1174 3613 ultimum
1187 3568 1268 3610 eon-

247 3655 458 3740 sequendum,
479 3656 520 3720 ad
541 3678 638 3741 quem
658 3664 773 3723 ereatae
798 3658 939 3737 fuerunt,
960 3657 1096 3742 juvore3
1126 3657 1267 3743 eirmque

247 3768 346 3835 adid
370 3781 487 3856 praeter
512 3769 588 3836 vite
613 3772 808 3857 exemplum,
831 3771 977 3837 doctrine
1002 3783 1036 3836 et
1058 3771 1176 3836 modus
1193 3793 1268 3836 eam

245 3883 447 3968 proponendi
473 3883 539 3949 sint
564 3884 765 3964 neeessaria3
798 3886 971 3970 postquim
995 3885 1031 3972 in
1053 3883 1103 3964 iis,
1130 3884 1187 3970 qui
1209 3884 1269 3950 ad·

246 3992 337 4058 missi
351 4006 429 4060 sunt
443 3995 485 4060 ed
499 3995 733 4082 probationem,
750 3995 875 4082 jactum
891 4020 960 4063 esse
982 3997 1144 4062 videbitur
1165 3995 1268 4062 abne-

245 4106 384 4192 gationis
412 4109 551 4197 propriae
580 4121 613 4175 et
640 4109 804 4196 profectus
829 4110 862 4174 in
888 4110 1064 4194 virtutibus
1093 4109 1267 4175 necessarii
