2646 4732
180 327 220 386 96

557 342 884 387 consr1rur10NUM

247 508 424 574 Provinciae
446 510 527 574 duos
551 532 591 573 ex
613 533 651 574 ea
677 511 793 596 eligere
813 511 933 596 poterit
958 534 1018 598 pro
1036 511 1171 577 arbitrio
1191 513 1279 578 Prae-

244 621 343 707 positi
361 621 548 701 Generalis;
576 623 668 707 cujus
692 623 752 687 erit
774 646 834 708 pro
850 625 1091 690 occurrentium
1105 647 1279 690 causarum

244 732 368 797 ratione
391 734 597 814 constituere,
622 756 702 797 num
729 746 909 799 conventus
933 735 1279 828 Provincialishujus·

244 846 333 909 modi
357 847 399 910 ad
426 847 565 910 duorum
589 846 718 910 illorum
745 846 937 911 electionem
966 848 1009 913 sit
1033 850 1213 935 cogendus,
1235 873 1278 914 an

246 957 455 1022 Provincielis
478 958 547 1022 sine
570 969 733 1022 conventu
756 981 810 1023 eos
831 959 952 1024 debent
975 960 1103 1046 eligere,
1126 973 1227 1047 prout
1248 959 1279 1025 ei

246 1070 408 1134 videbitur
429 1070 464 1133 in
484 1069 628 1133 Domino
658 1068 819 1154 expedire.
866 1070 930 1134 His
957 1071 1061 1136 tribus
1088 1093 1165 1136 suas
1191 1071 1278 1136 vices

245 1193 316 1246 tota
332 1181 502 1245 Provincia
516 1181 708 1260 committet,
724 1187 757 1244 et
772 1181 928 1265 quicquid
950 1205 969 1245 a
991 1191 1155 1248 conventu
1178 1204 1278 1269 gene-

244 1294 314 1374 rali,
352 1294 404 1357 cui
440 1293 504 1378 ipsi
541 1292 757 1372 interfuerint,
787 1293 1002 1358 constitutum
1031 1295 1141 1375 fuerit,
1169 1303 1278 1358 ratum

244 1405 389 1470 habebit.
435 1404 535 1471 Quod
562 1403 589 1467 si
611 1416 731 1489 praeter
756 1404 839 1468 duos
863 1405 993 1486 electos,
1016 1406 1176 1490 quosdam
1199 1405 1278 1469 alios

247 1518 447 1604 Praepositus
474 1517 642 1582 Generalis
667 1517 861 1602 designaret,
891 1519 943 1582 vel
967 1519 1168 1604 Praepositns
1200 1520 1279 1584 Pro·

244 1629 390 1693 vinciolis
421 1629 628 1692 adducendos
654 1628 835 1714 judicaret3
869 1630 982 1694 eadem
1007 1629 1069 1694 erit
1090 1630 1222 1711 horum,
1246 1641 1279 1694 et

246 1741 382 1806 aliorum
404 1742 496 1805 ratio.
542 1741 608 1806 Sed
635 1741 662 1804 si
685 1741 894 1806 Provincialis
916 1754 1036 1828 praeter
1056 1755 1135 1823 tres,
1150 1743 1278 1828 aliquos

246 1852 392 1939 eligerit3
415 1852 537 1938 plures,
552 1853 650 1937 quam
666 1853 759 1932 duos,
774 1853 911 1939 adjicere
933 1876 1001 1917 non
1022 1855 1154 1940 poterit,
1168 1855 1227 1936 ita,
1240 1865 1279 1919 ut

247 1964 287 2028 ad
304 1986 469 2028 summum
486 1963 630 2048 quinque
645 1986 685 2027 ex
699 1987 767 2028 una
782 1964 952 2029 Provincia
965 1965 1112 2031 veniant.

204 2084 223 2141 2
248 2077 299 2141 Ex
317 2077 485 2157 Professis,
500 2076 557 2160 qui
574 2076 828 2162 Congregationi
842 2076 1034 2158 interemat,
1048 2078 1277 2163 unusquisque

204 3762 218 3819 l

247 2189 436 2275 suffiogium
459 2188 604 2267 unicum,
627 2188 715 2252 solus
739 2188 908 2253 Generalis
931 2190 996 2254 duo
1022 2189 1168 2255 habebit.
1213 2190 1279 2256 Sed

246 2303 274 2369 si
296 2324 451 2367 numerus
474 2323 533 2388 par
558 2313 654 2381 esset,
679 2302 889 2366 Provincialis
914 2303 1046 2387 reliquis
1064 2303 1276 2389 praeferetur:

247 2427 280 2481 et
296 2416 323 2479 si
339 2416 424 2479 inter
438 2414 527 2500 ipsos
544 2413 761 2478 Provinciales
776 2426 863 2478 esset
883 2415 1026 2500 paritas3
1055 2438 1133 2502 pars
1154 2415 1221 2495 illa,
1242 2416 1276 2480 in

246 2549 345 2614 qutun
362 2526 559 2613 Propositus
576 2525 755 2605 Generalis
770 2527 822 2590 rel
838 2527 879 2610 (si
892 2527 921 2590 is
936 2549 954 2590 e
968 2527 1049 2591 vivis
1071 2528 1273 2610 excessisset)

246 2638 350 2726 ipsius
373 2637 522 2702 l'icarius
544 2635 724 2716 inclinabit,
750 2650 836 2702 esset
860 2639 1072 2724 praeferenda.
1117 2639 1168 2703 Ut
1189 2639 1275 2703 enim

245 2749 309 2815 illis
323 2749 428 2835 iringis
442 2762 492 2813 est
508 2749 725 2813 necessarium
740 2750 858 2813 dixinae
872 2751 985 2834 gratiae
1000 2750 1158 2814 auxilium
1176 2773 1276 2836 prop-

247 2876 297 2928 ter
311 2883 443 2941 munus,
461 2861 550 2946 quod
567 2874 705 2946 gerunt3
734 2861 781 2925 ita
802 2862 999 2947 sperandmn
1019 2874 1082 2940 est,
1104 2863 1217 2926 Deum
1239 2885 1274 2927 ac

247 2973 427 3040 Dominum
443 2986 590 3037 nostrum
606 2973 738 3037 uberius
752 2973 787 3037 id
801 2973 876 3052 illis,
890 2988 929 3038 ut
943 2974 1087 3038 sentiant
1107 2986 1143 3038 et
1164 2974 1274 3039 dicant

244 3110 319 3174 quae
334 3088 376 3153 ad
390 3086 493 3174 ipsius
507 3086 643 3173 gloriam
658 3087 788 3165 faciant,
801 3086 1006 3172 largiturum.

245 3401 297 3445 AB
313 3399 419 3449 arm
436 3398 595 3442 senem
609 3397 955 3442 CONGREGATIOXB!
972 3398 1209 3444 emmanu

627 3510 821 3554 mulcens.

636 3626 736 3691 CAP.
759 3626 820 3690 lv.

244 3754 325 3819 (nu
342 3753 385 3817 ad
398 3750 585 3837 eligendrnn
599 3772 723 3813 ninnm
739 3749 967 3834 fflpositum,
975 3749 1084 3835 pfiore
1096 3749 1169 3814 n'n
1180 3752 1275 3815 func.

243 3881 290 3931 ω.
312 3878 512 3929 «torentem
536 3879 586 3925 est
612 3860 782 3960 Sericus:-
805 3883 894 3924 unus
917 3883 959 3924 ex
982 3860 1153 3940 normes,
1176 3884 1275 3947 quem

244 3999 341 4043 sunm
365 3977 399 4040 in
421 3977 484 4041 hac
510 3992 603 4061 runc
625 3973 790 4036 limium
813 3992 890 4037 ante
912 3990 1052 4038 mortem
1072 3974 1275 4060 Prepesim

243 4088 470 4156 nominaverit,
478 4087 559 4153 atis
573 4086 615 4152 dc
629 4106 757 4150 summa
771 4083 819 4149 rei
832 4085 985 4151 terrim
999 4085 1168 4152 faciendos
1182 4109 1276 4152 mra-
