2646 4732
115 335 157 392 20

134 745 153 800 3

134 1194 154 1247 4

133 1755 151 1809 5

132 2982 152 3037 6

133 3758 151 3831 7

493 347 817 393 CONSTITUTIONUM

180 535 251 597 quae
271 513 310 575 iis
336 525 374 575 ut
398 513 567 576 Societatis
589 513 742 576 membris
765 534 926 577 concessae
948 514 1088 594 fuerant,
1112 515 1199 580 simu

179 636 274 708 atque
290 625 435 688 membra
450 646 519 687 esse
536 624 698 702 desierint,
714 636 841 688 constat
857 646 992 690 cessare.

178 737 369 800 Declaratur
390 736 441 815 iis,
464 736 519 819 qui
540 735 761 815 dimittuntur,
783 736 872 820 quod
893 737 1029 801 absoluti
1054 748 1199 804 maneant

178 847 294 912 avotis
310 847 522 932 simplicibus,
539 848 566 911 si
588 870 626 911 ea
642 847 739 932 juxta
759 848 931 912 formulam
954 847 1109 914 Societati
1130 873 1199 915 con·

179 971 303 1044 suetam
322 960 406 1042 (quae
421 959 454 1022 in
471 959 584 1043 quinta
598 970 690 1044 parte
704 958 877 1042 videbitur)
896 959 1061 1025 emiserint
1070 985 1081 1040 3
1103 963 1200 1045 quod·

178 1094 241 1155 que
256 1074 342 1135 oolla
358 1074 422 1134 alia
438 1074 666 1154 dispensatione
680 1074 852 1154 iadipeaat.

177 1185 231 1247 Ad
246 1207 300 1248 eos
316 1185 529 1263 reducendos,
545 1184 601 1268 qui
617 1184 685 1247 sine
708 1184 839 1248 licentia
860 1185 1057 1264 recederent,
1073 1185 1102 1249 si
1116 1186 1199 1271 prius

177 1319 293 1382 parum
308 1296 417 1360 idonei
432 1297 473 1359 ad
490 1295 684 1358 Societatem
699 1295 915 1383 habebantur,
929 1296 1018 1360 nulla
1040 1295 1199 1382 diligentie

177 1431 259 1494 opus
275 1408 354 1487 erit3
378 1409 435 1471 sed
449 1407 558 1492 potius
575 1407 756 1492 dirigantur
771 1408 812 1471 ad
827 1407 916 1471 aliud
932 1408 1133 1489 institutum,
1148 1411 1199 1474 ubi

176 1523 248 1585 Deo
269 1520 385 1584 servire
408 1520 546 1605 possint,
572 1522 726 1584 referatis
751 1523 842 1599 votis,
866 1520 894 1583 si
913 1542 951 1584 ea
970 1521 1147 1602 emiserint,
1169 1535 1199 1586 ut

176 1655 289 1695 omnes
305 1631 449 1716 scrupuli
464 1632 509 1695 eis
525 1630 717 1694 eximantur.

177 1746 213 1810 Si
230 1745 418 1830 hujusmodi
440 1756 559 1823 essent,
574 1755 612 1807 ut
628 1745 700 1808 Deo
723 1754 852 1829 gratum
874 1744 942 1808 fore
964 1744 1129 1809 videretur
1150 1767 1199 1810 eos

176 1881 242 1922 non
273 1857 318 1922 sic
348 1857 538 1940 relinquere,
568 1856 742 1941 praecipuc,
773 1857 800 1919 si
824 1878 864 1920 ex
889 1856 996 1940 aliqua
1020 1858 1199 1922 vehement¹

176 1968 364 2046 tentatione,
390 1979 445 2031 aut
470 1967 509 2030 ab
536 1966 606 2029 aliis
633 1967 760 2051 decepti
786 1967 906 2051 egressi
928 1967 1111 2047 videantur,
1134 1968 1199 2032 dili·

175 2079 285 2165 gentia
300 2079 445 2143 adhiberi
461 2079 502 2142 ad
517 2100 571 2142 eos
586 2078 787 2141 reducendos
809 2078 951 2162 poterit3
973 2089 1006 2142 et
1028 2078 1199 2164 privilegiis

175 2193 216 2255 ad
242 2191 409 2276 negotium
439 2189 627 2275 hujusmodi
662 2189 823 2254 concessis
853 2190 871 2252 a
901 2190 975 2253 sede
1005 2189 1199 2274 Apostolica

174 2314 335 2388 quantum
351 2302 516 2387 Superiori
530 2302 564 2365 in
580 2301 724 2366 Domino
739 2300 911 2380 videbitur,
926 2300 975 2364 uti
988 2300 1110 2367 licebit.
1161 2303 1199 2366 Et

175 2417 250 2480 ciam
266 2415 380 2499 aliquis
395 2416 511 2478 horum
529 2414 574 2477 sic
594 2414 748 2477 reductus
772 2425 867 2492 esset,
890 2413 1114 2478 committetur
1126 2437 1199 2500 pru-

177 2526 295 2590 dentiae
311 2525 455 2609 ejusdem
472 2523 672 2609 Superioris3
695 2534 733 2587 ut
747 2523 865 2603 videat,
882 2546 962 2587 num
985 2523 1199 2589 satisfactione

175 2640 282 2722 aliqua
305 2661 387 2722 opus
414 2638 466 2716 sit,
493 2660 534 2700 an
558 2636 674 2700 melius
695 2637 827 2700 omnino
858 2649 998 2717 censeat,
1027 2637 1063 2701 in
1088 2637 1199 2722 spiritu

175 2750 434 2814 mansuetudinis
449 2749 637 2834 procedere3
660 2749 773 2832 quain
788 2771 822 2812 re
838 2761 870 2812 et
886 2749 965 2834 ejus,
978 2749 1034 2833 qui
1049 2751 1199 2814 reductm

175 2874 235 2941 est,
250 2862 384 2939 bonum,
400 2872 432 2923 et
447 2859 616 2924 aedificatio
633 2860 883 2923 domesticorum
899 2862 1076 2944 spectanda
1091 2872 1153 2926 est.

176 2972 212 3037 Si
237 2972 310 3056 quis
337 2983 452 3056 sponte
483 2994 542 3034 sua
571 2971 613 3034 ad
637 2971 830 3055 Collegium,
860 2971 911 3034 vel
941 2972 1087 3051 domum,
1116 2973 1199 3036 unde

176 3084 243 3148 sine
263 3084 416 3147 facultate
442 3093 626 3162 recesserat,
652 3082 780 3160 rediret,
802 3092 834 3147 et
858 3081 977 3166 alioqui
1003 3082 1141 3147 idoneus
1165 3084 1199 3147 ad

175 3197 247 3261 Deo
259 3195 463 3258 serviendum
474 3194 508 3256 in
518 3216 556 3257 ea
565 3193 781 3278 judicaretur3
797 3193 1067 3257 considerandum
1078 3193 1151 3273 erit,
1164 3217 1199 3258 au

173 3329 282 3372 veram
304 3306 529 3392 perseverandi
551 3304 751 3370 voluntatem
772 3304 893 3383 afferat,
908 3315 941 3367 et
956 3325 998 3367 an
1014 3305 1056 3368 sit
1070 3316 1199 3390 paratus

175 3421 216 3484 ad
231 3419 378 3504 quamvis
394 3418 644 3482 satisfactionem
656 3428 689 3481 et
703 3416 946 3502 probationem:
963 3417 1052 3501 quod
1067 3417 1095 3480 si
1111 3440 1199 3482 secus

174 3543 270 3612 esset,
278 3542 318 3596 ut
333 3531 388 3615 qui
403 3553 486 3595 verae
502 3530 700 3616 poenitentiae
717 3529 809 3615 signa
824 3552 890 3593 non
906 3528 1060 3609 ostendit,
1075 3529 1199 3594 admitti

174 3666 241 3708 non
257 3642 443 3707 merebitur.

176 3755 221 3833 Si,
242 3755 298 3839 qui
319 3754 382 3818 fuit
404 3753 519 3817 merito
542 3753 705 3832 dimissus,
728 3753 769 3816 ad
789 3753 925 3816 eandem
950 3751 1096 3831 domum,
1116 3754 1199 3817 unde

176 3867 327 3931 dimissus
344 3879 403 3946 est,
418 3865 547 3943 rediret,
562 3866 604 3928 ad
619 3865 765 3949 quamvis
781 3863 1033 3929 satisfactionem
1048 3877 1199 3949 paratus,

178 3977 213 4042 Si
240 3978 345 4043 adhuc
370 3979 491 4043 eaedem
515 3977 667 4055 rationes,
693 3988 826 4062 propter
847 3997 927 4060 quas
951 3975 1014 4039 fuit
1038 3975 1199 4057 dimissus,

174 4103 341 4155 manerent
353 4117 362 4171 3
386 4091 595 4177 perspicuum
618 4100 678 4168 est,
700 4112 766 4153 non
790 4111 858 4153 esse
881 4087 1142 4154 admittendum:
1172 4090 1199 4156 S:
