2646 4732
526 351 618 396 rans
644 351 758 397 nona·
1125 344 1186 401 119

167 537 203 581 na
222 538 262 580 ex
282 525 375 602 parte
401 538 441 581 ex
463 517 516 582 his
538 527 572 582 et
598 520 755 585 localibus
779 520 897 585 bonam
919 521 1188 607 gubernationem

167 627 328 693 Societatis
343 628 495 714 pendere.
542 629 752 695 comantem
770 631 817 695 illi
840 632 920 696 tales
933 633 1077 714 fuerint3
1098 635 1188 700 labo-

164 761 226 804 rem
241 761 318 803 cum
332 739 396 804 illis
411 739 446 803 in
467 741 577 822 rebus,
592 763 666 826 quae
688 742 723 806 id
744 741 925 828 patiuntur,
948 743 1132 825 divideud0‚
1154 754 1189 810 et

163 851 199 915 de
213 850 366 916 omnibus
381 852 582 936 gravioribus
603 853 771 918 certiorem
795 876 829 918 se
851 855 921 918 fieri
943 856 1098 935 curando,
1112 856 1188 942 plus

163 961 227 1042 otii,
252 984 291 1026 ac
316 964 473 1048 temporis
492 963 553 1028 sibi
578 964 738 1044 relictum,
765 977 803 1029 ut
828 966 925 1030 rebus
950 967 1186 1033 universalibus

163 1084 262 1153 vacet,
293 1095 367 1158 quae
398 1074 486 1138 solus
516 1075 586 1159 ipse
617 1075 706 1139 obire
736 1088 856 1161 potest,
889 1078 1059 1162 intelliget.
1110 1079 1188 1144 Plus

163 1184 256 1248 etiam
280 1184 364 1249 lucis
389 1185 431 1249 ad
454 1185 727 1271 perspiciendum,
752 1187 832 1272 quid
853 1187 888 1251 in
910 1188 974 1252 illis
996 1189 1082 1254 facto
1105 1213 1188 1275 opus

162 1297 211 1376 sit,
237 1320 272 1361 se
302 1296 420 1362 habere
451 1299 658 1384 experietur3
697 1300 724 1363 si
757 1300 860 1384 ipsius
890 1300 1074 1365 intellectus
1104 1324 1188 1382 eam,

162 1429 224 1492 qua
242 1409 384 1473 donatus
407 1421 467 1489 est,
484 1432 524 1473 ex
541 1421 633 1495 parte
651 1432 719 1474 non
742 1411 905 1491 amiserit3
932 1423 970 1475 ut
992 1412 1038 1476 eis
1061 1412 1187 1492 accidit,

161 1519 214 1604 qui
228 1518 304 1604 plus
320 1542 414 1605 aequo
434 1521 468 1590 iu
490 1521 587 1585 rebus
610 1521 870 1607 particularibus,
886 1545 923 1586 ac
945 1523 1071 1608 exiguis
1093 1546 1189 1588 occu·

160 1642 296 1716 pantur:
320 1633 407 1696 unde
423 1633 564 1718 opprimi
579 1645 612 1697 et
628 1633 762 1698 debilior
782 1634 874 1698 reddi
896 1635 1081 1700 intellectus
1104 1636 1187 1701 acies

161 1744 265 1808 adres
280 1744 480 1810 universales
494 1745 737 1831 perspiciendas
754 1746 846 1810 solet.

128 1856 142 1930 7
161 1856 229 1920 Nec
251 1857 358 1920 solum
375 1857 572 1942 Praepositus
590 1857 758 1921 Generalis
774 1859 816 1920 ad
838 1880 888 1920 res
911 1858 1120 1942 particulares
1139 1861 1188 1944 (ut

162 1970 361 2054 dictumest)
379 1970 537 2035 ministris
553 1993 635 2056 opus
651 1971 771 2048 habet3
798 1970 856 2034 sed
878 1971 974 2036 etiam
998 1973 1039 2035 ad
1061 1973 1190 2037 univer-

161 2082 251 2161 sales,
267 2093 301 2146 et
317 2081 368 2146 sui
383 2082 480 2146 officii
495 2082 654 2167 proprias,
666 2094 703 2146 ut
719 2081 764 2146 eis
779 2082 862 2146 bene
878 2105 915 2147 ac
931 2083 1072 2147 suaviter
1086 2085 1191 2168 possit

160 2192 351 2259 satisfacere.
397 2193 527 2258 Habeat
556 2193 656 2278 igitur
685 2216 816 2257 necesse
847 2205 907 2272 est,
934 2194 991 2278 qui
1020 2194 1124 2261 multa
1152 2195 1187 2259 in

161 2306 346 2371 memoriam
360 2307 558 2386 reducendo,
573 2306 617 2370 ad
631 2306 883 2371 sollicitudinem
898 2307 1033 2370 curandi
1055 2329 1106 2372 res
1121 2319 1189 2372 tam

161 2419 277 2482 multas
293 2417 392 2483 officii
407 2417 469 2497 sui,
486 2417 543 2502 qui
565 2419 663 2482 etiam
686 2418 821 2482 consilio
843 2418 961 2482 adeas
983 2417 1191 2501 ordinandas,

163 2529 291 2595 demum
307 2529 365 2614 qui
379 2529 549 2614 diligentia
563 2552 600 2594 ac
618 2529 727 2593 labore
743 2530 853 2593 adeas
869 2551 966 2614 opere
981 2530 1190 2615 complendas

164 2641 303 2727 adjuvet.
349 2641 390 2705 ld
412 2641 499 2705 enim
522 2653 726 2726 compertum
749 2652 810 2719 est,
832 2641 922 2725 quod
943 2663 1003 2705 nec
1018 2641 1078 2706 viri
1092 2642 1190 2706 unius

165 2754 318 2819 memoria
342 2766 410 2818 tam
436 2754 613 2817 multarum
642 2776 750 2817 rerum
781 2753 995 2816 recordationi
1021 2753 1099 2818 satis
1126 2754 1169 2817 sit
1181 2779 1192 2832 ;

164 2888 231 2946 nec,
253 2866 281 2930 si
302 2865 338 2929 id
359 2877 539 2950 praestaret,
565 2864 663 2927 unius
686 2864 871 2928 intellectus
893 2865 935 2927 ad
955 2865 1085 2928 easdem
1106 2865 1190 2928 bene

164 2977 423 3056 considerandas,
446 2989 479 3041 et
501 2976 697 3040 ordinandas
720 2975 798 3039 satis
821 2987 925 3055 esset3
960 2998 1031 3054 nec,
1053 2976 1191 3059 quanvis

163 3100 193 3152 et
206 3090 269 3154 hoc
284 3100 407 3174 posset,
422 3088 506 3152 vires
521 3088 618 3153 unius
634 3089 676 3151 ad
691 3089 820 3153 easdem
835 3087 1039 3170 exequendas
1062 3089 1189 3150 suffice-

161 3212 241 3265 rent.

127 3318 143 3374 8
162 3313 214 3378 Ad
235 3313 483 3399 primumillud
505 3314 544 3377 de
568 3311 783 3378 sollicitudine
806 3311 916 3374 omnia
931 3309 1065 3374 curandi
1080 3309 1188 3395 aliquo

161 3425 307 3491 ministro
323 3425 353 3491 ei
372 3447 456 3510 opus
470 3436 541 3505 est3
563 3424 620 3509 qui
636 3423 795 3488 ordinarie
810 3423 899 3506 apud
912 3421 1022 3507 ipsum
1037 3434 1188 3502 maneat3

162 3539 216 3624 qui
244 3561 305 3624 pro
335 3538 501 3617 memoria,
525 3549 558 3601 et
584 3536 735 3600 manibus
761 3535 807 3598 illi
832 3535 874 3598 sit
904 3535 947 3597 ad
972 3534 1091 3613 omnia,
1115 3556 1188 3619 quae

163 3652 340 3732 scribenda,
355 3663 388 3716 et
403 3651 572 3716 tractanda
586 3649 718 3728 fuerint,
733 3670 770 3712 ac
785 3647 925 3712 breviter
944 3648 986 3711 ad
1006 3670 1058 3711 res
1074 3671 1187 3715 omnes

162 3765 254 3829 officii
270 3764 321 3829 sui
336 3763 521 3842 obeundas3
544 3762 600 3847 qui
614 3762 730 3826 induat
746 3760 917 3845 Praepositi
938 3782 1111 3845 personam
1120 3787 1130 3842 3
1154 3774 1187 3826 et

162 3889 275 3962 praeter
289 3883 485 3963 potestatem
499 3882 607 3939 totum
622 3873 719 3938 officii
734 3872 804 3958 ejus
820 3874 950 3957 pondus
965 3875 1109 3939 humeris
1119 3875 1187 3939 suis

162 3986 347 4075 impositum
363 4010 433 4053 esse
449 3985 621 4051 existimet.

130 4102 147 4162 9
166 4099 226 4168 Hic
242 4098 414 4187 Praepositi
429 4097 583 4164 Minister
597 4096 647 4163 vir
662 4117 732 4160 esse
753 4094 909 4160 sollicitus
925 4105 959 4159 et
973 4095 1187 4176 discretionis,

623 4214 672 4271 12

1147 4356 1278 4448 Α
