2646 4732
537 335 628 380 unns
652 336 800 381 nnnnrs.
1169 329 1212 388 29

192 521 241 582 pro
254 501 365 582 apoto
383 519 448 564 usse
466 501 638 566 volontatis
659 509 691 567 et
707 503 849 583 fodiem
881 525 946 588 quo
967 504 1112 569 exactius
1134 528 1212 571 eon-

191 613 364 678 formentur
384 613 499 699 primae
520 635 558 679 ac
578 637 714 680 summae
731 616 850 702 regulis
865 617 971 682 omnis
986 617 1082 683 bonae
1095 619 1211 684 volun-

190 726 260 791 tatis
274 737 309 792 et
326 725 455 812 judicii,
470 749 543 812 quae
558 738 608 792 est
622 739 743 792 aeterna
757 729 897 809 bonitas,
913 741 945 794 et
961 730 1130 816 sapientia.

146 843 173 901 u
189 838 228 902 Et
249 850 288 902 ut
314 837 420 924 magis
442 838 478 902 in
502 837 706 905 Obedientiae
729 840 848 906 virtute
873 863 907 906 se
933 853 1114 922 exerceant,
1133 864 1211 908 con-

188 951 281 1032 venit,
303 951 372 1015 imo
395 951 492 1017 etiam
512 952 731 1016 necessarium
754 964 814 1033 est,
835 965 874 1018 ut
895 976 962 1018 non
984 955 1090 1019 solium
1106 955 1210 1041 Supe-

187 1063 258 1129 riori
272 1063 377 1128 totius
391 1064 563 1130 Societatis
584 1065 636 1129 vel
657 1066 785 1145 domm,
800 1067 858 1130 sed
880 1066 976 1130 etiam
992 1068 1212 1135 subordinatis
1230 1087 1232 1092 ’

186 1175 353 1255 ministris,
379 1177 436 1260 qui
467 1198 507 1241 ex
536 1176 592 1241 illo
622 1177 850 1242 authoritatem
873 1192 1077 1264 acceperrmt,
1106 1181 1141 1245 in
1171 1182 1210 1246 iis

185 1288 347 1368 omnibus,
377 1289 412 1352 in
440 1289 561 1374 quibus
597 1300 792 1375 potestatem
821 1289 954 1369 habeut,
983 1292 1147 1373 obediant,
1175 1306 1211 1358 et

184 1412 372 1466 mutescant
392 1424 461 1466 uon
486 1401 615 1482 intueri,
640 1403 713 1486 quis
735 1402 789 1466 ille
815 1403 868 1481 sit,
887 1403 942 1467 cui
963 1403 1131 1485 obediunt,
1153 1407 1210 1470 sed

184 1513 291 1598 potius
306 1512 382 1598 quis
395 1513 461 1592 ille,
474 1524 609 1599 propter
623 1535 720 1599 quem
739 1514 907 1594 obediunt,
921 1515 979 1599 qui
993 1527 1042 1580 est
1056 1516 1211 1583 Christus

186 1625 358 1690 Dominus.
949 1662 955 1672 ·

138 1741 167 1797 25
185 1737 332 1822 Diligant
347 1758 460 1801 omnes
476 1738 715 1823 Paupertatem,
730 1749 769 1801 ut
782 1749 930 1816 matrem,
952 1748 985 1801 et
1001 1737 1098 1822 juxta
1117 1760 1208 1802 men-

184 1870 289 1912 suram
305 1859 428 1926 sanctae
446 1848 650 1915 discretionis
672 1849 740 1913 suis
761 1849 962 1934 temporibus
983 1847 1053 1933 ejus
1075 1849 1211 1914 effectus

183 1961 307 2046 aliquos
322 1961 529 2047 experiantur
537 1987 548 2042 ;
570 1973 613 2042 et,
626 1972 667 2026 ut
681 1961 716 2024 in
731 1961 889 2026 Examine
909 1961 1036 2025 dietim
1057 1971 1119 2040 est,
1133 1973 1209 2046 post

184 2074 325 2159 pn'mnm
340 2096 464 2139 annum
479 2086 628 2139 exacuam
642 2074 747 2161 parati
769 2074 836 2139 sint
857 2075 899 2138 ad
920 2073 1110 2159 temporalia
1123 2074 1211 2138 bona

186 2188 418 2269 distn'buenda,
441 2189 701 2273 quandocunque
727 2211 747 2252 a
771 2188 941 2274 Superiore
967 2187 1152 2273 injunctum
1174 2188 1209 2251 id

185 2300 289 2380 firerit,
313 2313 346 2364 et
369 2322 407 2364 ea
427 2300 551 2365 ratione
574 2310 709 2380 servata,
724 2322 796 2385 quae
819 2300 853 2362 in
869 2297 1027 2363 Examine
1042 2299 1208 2383 proposita

183 2408 250 2476 suit.

138 2525 170 2584 26
188 2522 310 2598 Omnes
336 2521 549 2587 rectissimam
574 2521 692 2589 habere
715 2522 929 2588 intentionem
954 2544 1020 2586 non
1044 2521 1148 2597 solum
1172 2523 1207 2586 in

186 2646 270 2700 statu
283 2635 373 2715 vitae,
387 2635 499 2700 verum
515 2636 612 2700 etiam
626 2635 661 2700 in
676 2634 773 2700 iebus
789 2635 941 2700 omnibus
960 2634 1209 2721 particularibus

185 2747 360 2828 enitentem,
374 2747 409 2811 id
423 2769 551 2832 semper
563 2747 599 2811 in
615 2747 661 2812 eis
676 2747 811 2834 syncere
826 2757 1023 2832 spectantes,
1037 2757 1075 2812 ut
1089 2747 1209 2811 servire

184 2869 214 2922 et
234 2857 363 2944 placere
388 2858 505 2924 divinae
532 2858 670 2924 bonitati
695 2869 828 2944 propter
854 2857 993 2943 seipsam
1015 2868 1051 2922 et
1073 2869 1207 2943 propter

184 2970 383 3051 charitatem,
409 2983 443 3035 et
471 2970 588 3035 eximia
616 2970 783 3052 beneficia,
812 2971 931 3055 quibus
960 2970 1117 3056 praevenit
1146 2993 1207 3035 nos

184 3082 302 3167 potius,
322 3105 420 3169 quam
445 3083 593 3147 timorem
611 3104 792 3170 poemmm,
813 3084 866 3148 vel
887 3104 979 3169 spem
997 3082 1205 3168 praemiorum

186 3194 344 3278 (quamvis
373 3194 451 3259 hinc
479 3194 578 3260 etiam
602 3194 710 3280 juvari
739 3195 889 3279 debeant)
920 3205 959 3258 ut
988 3193 1022 3258 in
1052 3193 1205 3257 omnibus

184 3314 329 3389 quaerant
344 3307 464 3386 Deum,
480 3319 634 3372 exuentes
649 3329 694 3389 se,
706 3307 864 3394 quantum
879 3307 948 3372 fieri
962 3316 1081 3392 potest,
1097 3326 1204 3368 amore

182 3410 329 3482 omnium
344 3429 578 3500 creaturarum
593 3431 630 3484 ut
646 3420 797 3485 affectum
812 3420 1000 3485 uniuersum
1014 3419 1049 3483 in
1060 3417 1204 3503 ipsarum

183 3528 369 3595 Creatorem
383 3532 562 3612 conferant,
576 3554 652 3596 eum
666 3532 701 3596 in
713 3532 863 3596 omnibus
880 3531 1028 3610 amando,
1043 3540 1076 3594 et
1091 3550 1203 3592 omnes

181 3641 216 3705 in
229 3664 268 3707 eo
286 3642 383 3728 j11m
395 3643 632 3708 sanctissimam
647 3666 684 3709 ac
699 3645 842 3710 divinam
856 3643 958 3729 ipsius
973 3641 1184 3707 voluntatem.

122 3753 161 3830 27
181 3753 346 3835 Studium,
361 3755 395 3819 in
411 3756 500 3841 quod
520 3757 710 3821 incumbent
732 3756 788 3842 qui
810 3756 845 3819 in
867 3754 1017 3819 domibus
1033 3751 1213 3818 Societatis-

180 3865 370 3950 probantem,
395 3866 432 3930 id
455 3889 524 3932 esse
549 3868 657 3948 debet,
680 3869 770 3954 quod
793 3889 848 3932 eos
868 3865 971 3951 magis
990 3864 1032 3928 ad
1056 3863 1204 3949 superius

180 3966 302 4041 dictam
321 3977 570 4064 abnegationem
592 3981 652 4060 sui,
675 3992 708 4045 et
729 3980 764 4045 in
785 3977 959 4045 virtutibus
981 3998 1019 4041 ac
1034 3976 1204 4042 devotione

180 4089 363 4175 profectum
389 4090 529 4177 juvabit.
574 4093 689 4160 Studia
709 4093 785 4159 verb
806 4091 997 4169 litterarum,
1020 4089 1055 4154 in
1076 4087 1205 4153 univer·
