2646 4732
114 339 154 396 88
492 355 818 402 consurrurrouuu

135 530 154 585 2
178 523 224 586 Et
252 523 358 609 primo
389 524 520 609 quidem
550 526 591 590 ad
620 526 841 612 proximorum
876 528 1031 593 auxilium
1061 531 1208 597 conseret

178 637 363 723 exemplum
385 639 487 703 totius
509 640 689 705 honestatis
708 664 745 705 ac
766 642 897 707 virtutis
920 643 1117 710 Christianae
1129 671 1139 726 3
1168 656 1208 710 ut

177 771 244 813 uon
260 751 369 815 minus
391 751 486 815 bonis
508 751 671 837 operibuS,
686 753 752 818 imo
774 755 889 839 magis,
905 778 1002 840 quam
1025 758 1144 838 verbis,
1159 758 1206 822 eis

176 861 383 926 aedificatioui
399 885 479 943 esse,
495 864 692 948 quibuscum
708 866 825 951 agitur,
841 880 966 932 curent.

132 982 152 1038 3
176 976 199 1040 J
200 986 317 1039 uvatur
332 975 429 1039 etiam
443 975 611 1061 proximus
627 978 748 1042 sanctis
764 979 940 1060 desideriis,
956 988 990 1044 et
1004 981 1205 1046 orationibus

175 1088 209 1150 in
226 1088 290 1151 Dei
305 1099 484 1173 conspectu
499 1111 558 1174 pro
573 1089 724 1153 universa
738 1090 896 1170 Ecclesia,
917 1113 954 1155 ac
976 1115 1036 1177 pro
1058 1092 1098 1156 iis
1120 1115 1205 1179 prae-

175 1200 296 1280 sertim,
323 1200 380 1286 qui
403 1200 532 1286 majoris
560 1212 637 1265 sunt
663 1203 831 1282 momenti,
855 1204 897 1266 ad
926 1203 996 1289 ejus
1022 1204 1204 1268 universale

173 1312 297 1376 bonum
322 1312 443 1392 effusis,
470 1334 507 1376 ac
530 1336 590 1399 pro
618 1314 729 1377 amicis
754 1314 861 1393 etiam,
887 1327 919 1378 et
938 1316 1021 1380 bene
1045 1316 1086 1380 de
1107 1316 1203 1381 nobis

174 1425 297 1489 meritis
320 1426 515 1505 viventibus,
531 1437 563 1489 et
584 1426 651 1490 vita
673 1427 794 1490 functis
806 1454 816 1507 3
847 1428 913 1492 sive
936 1429 1105 1514 postulent
1128 1429 1202 1513 ipsi,

175 1539 240 1603 sive
255 1561 321 1603 non
338 1539 527 1625 postulent3
549 1561 609 1624 pro
625 1540 814 1603 adversariis
829 1539 953 1620 itidem,
964 1541 991 1605 si
1003 1541 1059 1626 qui
1068 1541 1201 1621 fuerint,

174 1672 210 1714 ac
225 1673 285 1736 pro
300 1650 374 1730 illis,
389 1651 423 1714 in
440 1673 578 1735 quorum
595 1651 750 1714 auxilium
765 1651 970 1736 peculiariter
983 1653 1057 1738 ipsi,
1073 1665 1106 1717 et
1127 1654 1202 1717 reli·

173 1763 230 1847 qui
253 1763 292 1826 de
309 1763 468 1827 Societate
483 1763 517 1826 in
532 1763 629 1826 variis
650 1763 730 1827 locis
745 1763 829 1827 inter
845 1764 982 1844 Fideles,
998 1777 1031 1828 et
1047 1765 1200 1830 Infideles

171 1875 368 1940 incumbunt
380 1902 389 1953 ;
419 1883 458 1938 ut
480 1877 572 1940 Deus
595 1897 707 1939 omnes
731 1876 772 1938 ad
798 1876 935 1960 gratiam
963 1899 1055 1940 suam
1080 1878 1200 1964 excipi·

173 1990 290 2053 endam
308 2012 366 2075 per
388 1988 506 2052 debilia
524 1987 622 2072 hujus
638 1987 781 2051 minimae
798 1988 967 2053 Societatis
982 1989 1200 2054 iustrumenta

173 2102 343 2186 disponere
360 2101 522 2186 dignetur.

127 2215 213 2278 4111
241 2214 419 2277 Missurum
443 2212 540 2275 etiam
565 2212 731 2276 'sacrificiis
757 2211 872 2297 juvare
896 2223 1046 2298 possunt,
1072 2224 1106 2277 et
1130 2212 1199 2276 aliis

170 2327 288 2391 divinis
311 2325 435 2404 officiis,
458 2324 549 2389 nulla
571 2348 630 2411 pro
655 2326 701 2389 eis
726 2326 930 2410 eleemosyna
950 2337 1101 2411 accepta3
1133 2325 1198 2390 sive

171 2439 269 2525 aliqui
293 2460 331 2502 ea
356 2438 501 2502 obtinere
528 2438 728 2517 curaverint3
763 2438 828 2501 sive
852 2461 912 2523 pro
943 2460 1002 2502 sua
1027 2437 1197 2502 devotione

169 2551 306 2636 quisque
329 2572 367 2614 ea
386 2551 458 2614 Deo
480 2549 645 2613 obtulerit.
690 2550 735 2613 Et
757 2550 846 2633 quod
868 2549 984 2614 attinet
1006 2549 1049 2614 ad
1064 2549 1196 2629 Missas,

169 2674 367 2749 praetereas,
383 2684 456 2747 quae
474 2661 508 2725 in
530 2660 667 2746 gratiam
684 2660 908 2724 Fundatorum
932 2660 1096 2740 dicuntur,
1111 2683 1196 2740 unae,

168 2773 220 2838 vel
235 2775 320 2853 duae,
336 2785 393 2837 aut
413 2773 523 2859 plures
542 2774 612 2857 (pro
635 2794 770 2836 numero
793 2773 1010 2851 sacerdotum,-
1024 2783 1057 2835 ct
1079 2774 1197 2855 alioqui

161 2893 263 2970 prout
278 2885 464 2967 convenerit)
483 2884 619 2970 singulis
634 2883 846 2948 hebdomadis
861 2906 921 2968 pro
936 2884 1196 2948 benefactoribus

144 2979 258 3081 ¹vivis,
285 3023 321 3065 ac
347 2999 507 3063 defunctis
535 3000 720 3079 offerentur,
739 3000 848 3062 Deum
873 3021 910 3062 ac
933 2998 1115 3062 Dominum
1139 3022 1196 3064 no·

168 3123 272 3180 strum
298 3113 455 3199 rogand0,
477 3125 516 3177 ut
545 3135 604 3199 pro
635 3112 698 3176 illis
727 3112 790 3175 hoc
821 3123 971 3176 sanctum
1001 3111 1194 3176 sacrificium

168 3228 349 3306 admittere,
364 3238 396 3290 et
411 3249 470 3312 pro
485 3226 614 3290 infinita
629 3249 666 3290 ac
689 3249 816 3293 summa
836 3225 1027 3290 liberalitate
1050 3246 1109 3288 sua
1124 3247 1194 3289 eam

166 3340 415 3405 beneficentiam
437 3339 646 3418 remunerari,
661 3361 726 3424 qua
747 3340 794 3403 illi
816 3361 892 3425 erga
915 3337 1111 3402 Societatem
1137 3360 1194 3401 no-

168 3469 267 3520 stram
288 3476 327 3517 ex
349 3452 458 3517 divino
482 3473 589 3516 amore
611 3474 648 3515 ac
675 3453 852 3517 reverentia
877 3450 929 3515 usi
955 3460 1044 3528 sunt,
1064 3448 1194 3513 aeternis

165 3566 308 3654 praemiis
324 3565 485 3651 dignetur.

123 3689 141 3744 5
166 3681 308 3745 Juvatur
322 3679 419 3742 etiam
441 3675 608 3763 proximus
631 3677 665 3740 in
682 3677 965 3741 sacramentorum
988 3671 1194 3737 administra·

166 3794 265 3874 tione,
282 3815 319 3857 ac
334 3792 496 3878 praecipue
519 3791 554 3853 in
576 3790 744 3855 audiendis
768 3788 1024 3855 confessionibus
1043 3788 1098 3871 (ad
1112 3808 1193 3873 quas

165 3905 264 3990 aliqui
279 3927 298 3968 a
314 3904 496 3991 Superiore,
512 3902 568 3988 qui
583 3925 621 3967 eo
643 3904 824 3987 fungantur
846 3900 962 3982 officio,
985 3910 1064 3964 sunt
1087 3898 1194 3984 desig-

164 4016 276 4100 nandi)
316 4027 349 4081 et
385 4016 420 4080 in
458 4025 569 4080 sancto
607 4013 823 4079 Eucharistiae
862 4019 1073 4091 sacramento,
1105 4021 1195 4076 extra

163 4131 296 4194 Paschae
312 4139 421 4192 tamen
436 4128 568 4208 festum,
585 4148 644 4192 sua
657 4125 692 4190 in
708 4126 856 4190 Ecclesia
872 4122 1139 4190 administrando.
