2646 4732
180 283 252 355 182
437 302 644 372 Pnincienno
668 304 712 354 ou
733 302 930 360 unouinisn.

178 464 575 553 etsodomiticom,non
588 465 706 541 auimo
719 457 1184 550 consummandiniei'innu

178 614 239 664 vas
262 589 478 688 legitimum,
507 615 573 664 nec
595 615 680 665 cum
701 589 863 687 periculo
886 586 1184 687 effinioniscxtzo

178 712 280 787 illud.
346 714 591 797 Quaestionem
626 715 719 789 hauc
756 713 882 811 tetigit
916 712 1059 787 Novar.
1077 765 1087 784 .
1103 717 1184 782 ..ct

178 835 282 912 focile
303 861 345 925 ,se
365 838 410 911 ab
441 839 486 912 cd
515 838 707 936 expedint,
734 837 856 914 dicens
880 835 1032 912 tnntdni
1052 830 1184 931 repirirff

179 973 368 1060 peccatum
385 972 503 1037 tactus
517 963 711 1060 cujusdam
726 961 853 1050 illiciti,
864 986 930 1036 nec
941 959 1063 1036 teneri
1075 956 1184 1032 viruu

144 1069 147 1079 ³
181 1079 345 1169 confiteri
368 1087 674 1165 circumstantiam
686 1085 872 1164 isodomon.
924 1086 1050 1169 Quare
1068 1081 1184 1180 aperti

181 1211 294 1285 nolam
318 1209 493 1285 venialem
515 1211 659 1308 culpam
681 1211 721 1287 in
744 1221 888 1285 coactu
905 1206 1090 1309 agnoscit;
1118 1205 1184 1278 nul

181 1335 326 1434 lemque
340 1334 461 1409 reddit
473 1335 660 1409 rationem.
705 1335 757 1409 Et
768 1335 853 1410 huic
868 1332 1058 1408 sentcntiae
1074 1329 1184 1404 favet<

182 1457 325 1532 videtur
349 1458 521 1533 Ovandus
539 1513 547 1531 .
563 1513 573 1531 .
590 1514 598 1533 .
616 1459 679 1534 ubi
705 1459 755 1533 ait
783 1484 927 1534 omnem
954 1457 1095 1531 coitum
1120 1453 1184 1528 libi

183 1581 348 1657 dinosum
379 1583 540 1660 excusari
567 1583 662 1658 inter
691 1585 881 1682 conjugee,'
902 1581 1012 1658 modd
1044 1606 1122 1654 non
1151 1578 1184 1652 si

181 1706 383 1806 periculum
399 1706 688 1782 extraordinariae
700 1707 919 1806 pollutionis.
970 1709 1097 1806 Atque
1115 1729 1184 1803 pro

183 1831 261 1904 beri
273 1842 405 1929 potest.
443 1831 540 1914 Quia
551 1832 726 1931 quidquid
744 1836 919 1932 conjuges
934 1830 1184 1917 efficiunt&

184 1967 268 2030 veto
297 1981 379 2029 vose
407 1955 584 2054 legitimo,
612 1982 684 2030 non
713 1957 853 2031 excedit
881 1955 1020 2029 veniale
1051 1953 1184 2028 crimen

186 2079 260 2154 Vae
277 2091 400 2154 eutem
416 2080 549 2154 servari
566 2080 709 2167 dicitur,
734 2082 877 2180 quoties
894 2091 998 2155 extra
1009 2078 1105 2153 illud
1125 2103 1184 2152 noi

186 2204 385 2278 effunditur
401 2229 541 2282 semen:
570 2216 614 2279 ut
638 2204 818 2304 contingit
837 2205 876 2278 in
901 2203 1084 2302 proesenti.
1139 2202 1184 2276 Se

188 2328 321 2416 cundd,
352 2328 437 2428 quia
465 2338 584 2402 tectus
611 2329 682 2416 hic,
714 2329 828 2403 instar
856 2340 1023 2402 tactuum
1047 2329 1184 2401 membr

187 2452 299 2527 virilis
329 2478 413 2527 cum
444 2440 622 2540 manibus,
656 2465 720 2527 eut
753 2452 874 2526 uxoris
907 2451 1085 2538 cruribus,
1121 2449 1184 2524 reli

189 2578 338 2676 quisque
362 2578 537 2676 partibus,
565 2589 686 2676 potest
711 2578 759 2651 ad
781 2577 947 2676 copulam
969 2576 1184 2674 coujugaleu

188 2700 324 2787 referri,
349 2701 528 2789 nimirum,
547 2713 590 2776 ut
611 2703 664 2776 vir
681 2703 725 2777 et
743 2700 982 2775 delectatione
1007 2700 1184 2775 excitetui

190 2825 379 2923 aptiorque
409 2826 456 2901 ad
488 2851 569 2899 eum
601 2825 788 2914 efficiatur,
827 2837 864 2899 et
898 2836 975 2899 esto
1006 2824 1053 2897 od
1090 2823 1184 2897 solau

193 2949 646 3047 voluptatemfflreferretur,
665 2964 760 3025 esset
776 2952 883 3049 culpe
898 2949 1058 3036 venialis,
1079 2949 1184 3047 quole

193 3085 278 3159 eunt
307 3074 426 3151 caeteri
461 3086 579 3151 tactus
608 3075 661 3152 ite
690 3074 794 3149 relati
828 3075 875 3148 ad
904 3073 1181 3170 voluptutem..

193 3200 312 3296 (nid,
338 3226 373 3275 n.
388 3202 441 3296 4.)

245 3324 366 3407 Prima
395 3335 517 3402 tamen
543 3325 722 3399 conclusio
745 3325 808 3399 sit:
841 3323 979 3397 Sanum
1005 3333 1061 3394 est
1092 3322 1184 3394 conci

195 3450 297 3537 lium,
319 3460 363 3523 ut
385 3462 531 3529 curetur
556 3449 662 3527 simul
686 3461 881 3547 utrumque
905 3472 1026 3521 semen
1047 3445 1184 3519 effundi

197 3599 309 3672 qnare
332 3573 478 3673 conjugi
502 3573 650 3649 tardiori
676 3573 722 3646 ad
745 3571 994 3647 seminandum
1016 3569 1184 3644 consdlcu

197 3698 286 3772 dum
311 3708 377 3784 est,
409 3707 452 3770 ut
483 3708 566 3770 ante
596 3696 827 3770 concubitum
852 3695 1008 3770 tectibus
1038 3716 1184 3767 venerei

198 3823 343 3908 excitet,
373 3832 416 3895 ut
436 3820 494 3895 vel
517 3820 566 3896 sic
581 3821 696 3920 possit
719 3821 758 3894 in
782 3820 861 3919 ipso
881 3818 1077 3894 concubitu
1099 3819 1184 3893 simi

198 3945 383 4021 effundere
414 3971 545 4022 semen.
598 3947 658 4024 Ito
690 3947 844 4044 Cajetnn
938 3945 989 4018 Et
1014 3945 1111 4019 ratio
1141 3969 1184 4018 en

201 4070 298 4153 Quia
312 4071 399 4148 licto
414 4096 535 4150 semen
544 4071 702 4149 mulieris
719 4097 791 4150 non
808 4071 854 4146 sit
872 4072 919 4145 ed
935 4067 1184 4170 generatione
