2646 4732
492 369 819 415 CONSTI‘I'U'PIONUM
913 366 915 370 ⁸

178 538 255 618 suis,
278 550 315 603 ut
335 539 497 618 convenit,
513 538 655 625 compati
679 538 814 618 noverit,
830 538 981 603 eomodo
1004 558 1038 602 se
1054 538 1207 624 gerendo,

178 658 216 715 nt
242 650 339 714 etiam
365 651 421 735 qui
440 651 732 735 reprehenduntur,
754 649 806 713 vel
828 649 1046 734 corriguntur,
1066 649 1203 733 quanvis

178 764 358 828 secundum
380 763 561 827 inferiorem
584 763 760 841 hominem,
784 762 871 847 quod
894 761 1011 847 egitur,
1027 761 1207 848 displiceat,

181 887 359 961 agnoscant
381 874 603 952 nihilominus,
626 874 715 958 qubd
736 885 822 938 recte
844 871 878 937 in
899 873 1054 953 Domina,
1077 884 1110 937 et
1133 895 1207 937 cum

180 987 334 1051 charitate
349 986 401 1049 illc
418 1008 513 1049 suum
530 985 671 1048 officium
686 984 793 1048 faciat.

136 1107 155 1161 5
179 1098 291 1161 Animi
306 1097 403 1161 etiam
418 1097 609 1181 magnitudo
625 1119 661 1159 ac
676 1096 833 1159 fortitudo
849 1103 898 1158 est
918 1096 947 1158 ei
969 1094 1208 1180 pernecessaria

178 1207 221 1273 ad
243 1208 463 1272 infirmitatem
487 1209 663 1271 multorum
685 1207 862 1284 ferendam,
884 1217 917 1270 et
938 1228 989 1270 res
1012 1229 1149 1292 magnas
1171 1206 1206 1269 in

181 1321 289 1386 divino
305 1319 434 1384 servitio
449 1318 693 1404 aggrediendas,
708 1317 743 1380 in
759 1317 869 1401 eisque
892 1328 1090 1396 constanter,
1105 1339 1208 1402 quan-

182 1435 224 1498 do
238 1434 272 1497 id
288 1432 449 1511 convenit,
464 1432 756 1517 perseverandum3
786 1452 854 1493 uon
875 1438 1008 1515 propter
1027 1430 1208 1494 contradic-

180 1545 285 1610 tiones
307 1544 392 1628 (licet
413 1545 431 1606 a
450 1543 588 1627 magnis,
609 1552 642 1605 et
663 1541 853 1627 potentibus
875 1540 1040 1624 excitatas)
1063 1541 1209 1605 animum

179 1651 425 1742 despondendo,
441 1677 501 1718 nec
521 1654 561 1718 ab
577 1676 626 1733 eo,
641 1654 731 1738 quod
745 1655 837 1732 ratio,
848 1664 882 1717 et
896 1653 1043 1717 divinum
1058 1653 1209 1738 obsequi-

181 1792 237 1833 um
252 1769 407 1854 postulat‚
422 1767 497 1830 ullis
519 1788 630 1829 eorum
651 1766 814 1852 precibus,
830 1776 886 1829 aut
904 1765 1002 1828 minis
1018 1765 1159 1850 separari
1175 1788 1208 1829 se

179 1880 337 1958 sinend03
360 1890 398 1941 ut
413 1877 563 1941 omnibus
580 1878 712 1941 demum
735 1877 874 1956 casibus,
889 1876 946 1961 qui
967 1876 1109 1940 incidere
1131 1899 1208 1961 pos·

180 2003 269 2072 sunt,
296 1992 338 2055 sit
369 1990 532 2075 superi0r3
564 2011 624 2053 nec
650 1989 814 2075 prosperis
840 1989 955 2067 efferri,
981 2011 1042 2053 nec
1066 1989 1209 2053 adversis

178 2103 275 2188 dejici
305 2102 413 2166 animo
444 2124 513 2165 sese
542 2101 720 2185 permittat,
750 2100 985 2186 paratissimus,
1016 2101 1091 2164 clun
1122 2123 1207 2186 opus

182 2228 278 2295 esset,
293 2217 334 2279 ad
349 2225 488 2279 mortem
502 2235 562 2299 pro
579 2213 750 2277 Societatis
765 2213 851 2276 bono
867 2212 902 2276 in
917 2213 1109 2297 obsequium
1124 2213 1148 2277 J
1150 2235 1209 2277 esu

180 2327 305 2393 Christi
321 2327 384 2390 Dei
400 2347 436 2389 ac
452 2324 588 2389 Domini
603 2324 706 2389 nostri
722 2325 935 2388 subeundam.

135 2449 158 2505 6
181 2441 290 2505 Tertia
304 2446 364 2518 est,
379 2445 418 2500 ut
431 2437 585 2523 praeclaro
600 2437 794 2515 intellectus,
810 2459 847 2501 ac
865 2436 981 2522 judicii
1002 2437 1088 2502 dono
1107 2438 1211 2523 polle-

179 2565 236 2632 at3
269 2563 307 2616 ut
330 2574 390 2615 nec
414 2551 449 2615 in
472 2551 632 2615 rebusad
654 2551 918 2635 speculationem,
936 2573 996 2615 nec
1018 2551 1060 2614 ad
1082 2552 1210 2637 praxim

178 2663 429 2749 pertinentibus,
442 2686 515 2749 quae
531 2664 740 2742 occurrerint,
751 2664 813 2727 hoc
829 2663 950 2727 talento
962 2664 1004 2728 sit
1020 2663 1210 2729 destitutus.

181 2777 227 2840 Et
251 2776 386 2860 quanvis
415 2776 565 2840 doctrina
593 2776 686 2839 valde
713 2775 742 2839 ei
769 2776 949 2840 necessaria
979 2776 1031 2855 sit,
1056 2776 1113 2860 qui
1138 2783 1208 2840 tam

178 2888 290 2951 multis
308 2887 385 2952 viris
411 2887 544 2951 eruditis
571 2898 620 2951 est
646 2879 866 2972 praefuturus3
896 2887 999 2973 magis
1023 2898 1134 2950 tamen
1159 2899 1210 2951 est

179 2999 360 3063 necessaria
373 2999 557 3084 prudentia,
572 3011 604 3063 et
619 2999 653 3062 in
668 2999 766 3063 rebus
782 2999 1003 3083 spiritualibus
1023 3009 1056 3062 et
1070 2999 1209 3063 internis

181 3111 364 3175 exercitatio
380 3112 421 3174 ad
434 3112 539 3175 varios
560 3110 692 3196 spiritus
715 3111 956 3190 discernendos,
972 3111 1014 3174 ad
1035 3109 1209 3174 consilium

179 3245 218 3288 'ac
232 3224 410 3288 remedium
425 3234 493 3286 tam
507 3223 629 3301 multis,
646 3223 702 3306 qui
716 3223 962 3287 necessitatibus
984 3221 1209 3308 spiritualibus

180 3337 385 3413 laborabunt,
401 3335 631 3400 adhibendum.

181 3447 394 3512 Discretionis
410 3446 506 3511 etiam
522 3447 645 3510 donum
660 3445 694 3508 in
709 3446 807 3510 rebus
823 3446 974 3525 externis,
989 3467 1027 3510 ac
1041 3446 1141 3510 modo
1157 3468 1208 3510 res

180 3572 248 3624 tam
277 3559 379 3622 varias
410 3559 579 3636 tractandi,
610 3570 642 3621 et
672 3580 747 3622 cum
777 3570 844 3622 tam
875 3557 1009 3623 diversis
1033 3556 1206 3621 hominum

181 3670 353 3756 generibus
369 3669 402 3733 in
422 3670 493 3754 ipsa
509 3670 679 3749 Societate,
701 3681 734 3734 et
756 3682 847 3734 extra
868 3670 956 3733 illam
978 3669 1096 3755 agendi
1119 3691 1208 3734 sum·

179 3802 310 3867 mopere
324 3781 387 3847 >erit
402 3781 431 3844 ei
447 3781 675 3847 necessarium.

136 3896 157 3970 7
181 3893 307 3959 Quarta
325 3904 358 3957 et
381 3891 414 3955 in
440 3892 553 3977 primis
580 3892 759 3957 necessaria
780 3893 822 3956 ad
843 3914 894 3956 res
917 3891 1136 3956 conficiendas
1159 3899 1209 3956 est

180 4004 356 4090 vigilantia,
371 4016 404 4081 et
420 4004 601 4070 sollicitudo
617 4006 659 4069 ad
680 4027 733 4070 eas
757 4004 969 4091 incipiendae,
985 4015 1018 4068 et
1033 4005 1210 4069 strenuitas
