2646 4732
478 818 666 894 PRIMA
700 819 840 895 PARS

162 1048 1171 1217 CONSTITUTIONUM

386 1323 425 1385 de
440 1324 625 1386 admissione
641 1324 684 1385 od
698 1323 929 1386 Probotioaem.

219 1819 262 1860 DE
280 1817 338 1876 EO,
355 1817 422 1864 QUI
439 1817 673 1860 ΑΒΜΙΤΤΕΝΠΙ
693 1816 940 1860 FAGUL'I'ATEM
960 1816 1094 1858 ΗΑΒΕΤ.

95 2031 98 2036 .
153 2053 164 2108 l
264 2048 476 2112 ACULTAS
507 2049 702 2112 admittendi
735 2049 775 2111 ad
808 2048 1033 2133 probationem
1051 2069 1202 2130 quorum,

183 2046 297 2252 Fet
324 2170 447 2244 quanta
473 2160 535 2239 sit3
567 2160 692 2244 judicio
720 2160 889 2245 Praepositi
915 2159 1082 2222 Generalis
1105 2159 1202 2221 relin-

181 2284 311 2356 quatur3
342 2273 399 2356 qui
420 2273 455 2336 in
478 2294 515 2336 ea
537 2273 806 2336 communicanda
824 2270 1050 2348 considerabit,
1066 2269 1146 2354 quid
1162 2270 1203 2333 ad

178 2384 276 2468 majus
292 2383 459 2447 servitium
474 2384 538 2447 Dei
554 2406 591 2447 ac
607 2384 742 2447 Domini
756 2383 859 2447 nostri
874 2382 1055 2447 conveniat.

145 2500 160 2555 t
180 2496 315 2562 Quando
331 2496 458 2580 aliquis,
473 2496 529 2580 qui
550 2496 687 2560 idoneus
709 2496 867 2574 videatur,
882 2495 924 2558 ad
946 2507 1092 2558 nostrum
1109 2494 1202 2558 insti-

175 2619 280 2672 tutum
296 2609 510 2691 sequendum,
526 2608 567 2671 ad
582 2630 657 2670 eum
680 2608 856 2686 accederet,
871 2607 928 2691 qui
943 2607 1130 2691 hujusmodi
1145 2609 1202 2670 ad·

175 2721 325 2784 mittendi
342 2731 538 2805 potestatem
560 2741 627 2783 non
650 2720 759 2799 habet,
781 2719 909 2782 mittere
924 2743 999 2783 eum
1019 2720 1138 2804 poterit
1160 2721 1203 2783 ad

173 2832 275 2911 illum,
294 2854 396 2917 penes
419 2853 517 2915 quem
537 2853 574 2895 ea
598 2831 659 2910 sit3
690 2832 741 2895 vel
765 2831 903 2894 scribere
927 2831 966 2908 ei,
989 2830 1202 2914 significando

173 2945 278 3030 qualis
293 2944 346 3008 ille
367 2943 420 3023 sit,
436 2955 468 3007 et
484 2943 602 3027 quibus
617 2943 775 3028 praeditus
796 2943 859 3006 Dei
882 2942 986 3020 donis,
1002 2942 1058 3025 qui
1074 2942 1203 3004 admitti

171 3058 277 3143 petit3
311 3066 343 3119 et
369 3066 547 3139 exequatur
572 3054 661 3138 quod
685 3055 714 3118 ei
743 3055 777 3117 in
808 3054 951 3118 Domino
975 3054 1201 3138 praescriptum

170 3169 290 3232 fuerit:
315 3167 342 3230 si
358 3167 488 3251 quidem
510 3166 563 3230 ille
585 3165 620 3229 in
643 3165 789 3230 absentia
803 3165 837 3228 id
855 3163 1086 3250 praescribendi
1101 3164 1202 3226 facul-

172 3293 276 3344 tatem
290 3278 434 3343 habebit.

127 3402 146 3459 3
173 3393 263 3458 Quia
283 3392 380 3454 refert
408 3390 585 3475 plurimum
612 3390 654 3452 ad
677 3389 823 3454 divinum
847 3388 1024 3466 servitium,
1050 3389 1202 3451 eonveni-

170 3517 282 3570 entem
313 3502 424 3566 haberi
459 3503 621 3566 delectum
654 3524 776 3581 eorum,
813 3502 869 3586 qui
906 3502 1134 3578 admittuntur,
1168 3513 1201 3564 et

168 3615 373 3701 diligentiam
407 3613 563 3692 adhiberi,
591 3625 629 3676 ut
662 3613 887 3697 intelligantur
917 3635 989 3697 quae
1021 3614 1062 3676 ad
1088 3636 1200 3677 eorum

166 3749 344 3816 personam
359 3738 391 3790 et
405 3725 607 3790 vocationem
623 3724 783 3803 attinent3
807 3725 863 3810 qui
885 3726 983 3789 talem
1006 3725 1200 3789 admittendi

164 3840 359 3906 facultatem
378 3837 486 3916 habet,
506 3837 534 3900 si
551 3859 609 3921 per
627 3858 661 3899 se
684 3836 793 3921 ipsum
815 3837 850 3899 id
871 3836 943 3921 ipse
966 3858 1032 3899 non
1054 3848 1199 3921 praestet,

162 3953 289 4018 habeat
303 3950 337 4013 in
351 3949 403 4028 iis,
422 3948 479 4033 qui
496 3948 624 4012 assidue
641 3949 728 4033 apud
751 3971 784 4012 se
808 3958 921 4033 agunt,
937 3947 1088 4032 aliquem,
1104 3949 1197 4033 cujus
1291 3983 1294 3990 =

161 4085 268 4150 opera
282 4072 395 4126 utatur
408 4061 449 4125 ad
464 4060 726 4146 cognoscendum
742 4083 808 4139 eoo,
823 4059 880 4143 qui
902 4058 1140 4145 ingrediuntur,
1156 4063 1198 4125 ad

624 4194 645 4234 Β
663 4179 681 4234 2
