2646 4732
556 355 882 401 CONSTITU'I'IONUM

242 522 394 608 pertinet,
428 521 557 606 quando
592 521 627 583 in
658 519 952 605 congregationem
986 517 1168 602 generalem
1194 540 1273 582 con-

242 635 385 700 veniret:
418 634 543 697 Eadem
569 633 629 697 erit
658 654 758 717 penes
786 631 1002 716 Praepositum
1028 631 1211 715 generalem
1237 631 1273 694 in

242 746 405 825 omnibus,
426 757 642 830 praeterquam
667 745 695 808 si
718 744 797 828 quid
823 744 866 807 ad
884 743 987 828 ipsius
1007 763 1179 827 personam
1198 764 1273 828 per-

205 905 207 911 *
242 857 371 921 tineret.
417 857 520 920 Penes
538 855 678 940 reliquos
697 877 736 919 ex
760 854 920 919 Societate
943 864 1071 917 tantum
1094 852 1154 916 erit
1173 852 1273 937 hujus

242 967 416 1047 facultatis,
439 979 598 1052 quantum
621 967 667 1030 eis
686 989 705 1029 a
731 965 835 1051 capite
858 966 1011 1029 collatum
1033 964 1140 1028 fuerit.
1186 965 1274 1028 Prae-

212 1137 214 1140 ,
241 1081 356 1166 positis
375 1094 484 1144 tamen
511 1079 765 1144 Provincialibus
792 1078 933 1162 amplam
957 1077 1034 1140 satis
1059 1077 1197 1140 conferri
1217 1099 1274 1140 ex-

242 1191 363 1276 pediet,
378 1213 415 1254 ae
431 1190 540 1254 debita
554 1190 762 1275 proportione
778 1189 875 1252 etiarn
889 1187 1075 1272 Praepositis
1086 1187 1274 1266 Loealibus‚

242 1315 274 1366 et
298 1302 491 1366 Rectoribus
513 1301 742 1386 Collegiorum,
770 1299 888 1385 quibus
912 1299 1075 1364 videbitur
1100 1321 1170 1362 esse
1194 1321 1274 1379 con-

240 1415 389 1493 ferenda3
420 1425 519 1477 uteo
545 1413 661 1477 melius
686 1412 720 1475 in
746 1423 815 1475 toto
838 1411 1007 1475 Societatis
1039 1433 1171 1495 corpore
1200 1412 1277 1474 sab·

241 1527 397 1589 ordinatio
419 1532 534 1588 saneta
559 1525 745 1587 Obedieatic
767 1533 921 1602 servetur,
937 1544 1001 1606 quo
1022 1521 1138 1586 clarius
1153 1522 1274 1585 intelli-

171 1708 179 1720 ἱ
241 1648 319 1720 gent
335 1637 499 1700 inferiores
516 1659 549 1699 se
565 1658 584 1699 a
599 1636 666 1699 suis
676 1635 861 1698 immediate
874 1634 1102 1719 Superioribus
1118 1632 1273 1719 pendere,

241 1759 274 1810 et
289 1748 377 1831 quod
392 1747 561 1810 conveniat
578 1746 766 1831 plurimum,
782 1745 848 1809 ime
864 1767 994 1809 necesse
1010 1745 1052 1809 sit
1067 1746 1102 1808 in
1118 1745 1273 1808 omnibus

241 1857 286 1921 eis
303 1858 434 1922 subesse
449 1868 582 1942 propter
598 1857 766 1920 Christum
782 1856 963 1920 Dominum
979 1866 1138 1920 nostrum.

339 2182 386 2224 DE
404 2181 544 2241 CAUSIS,
561 2179 728 2224 PROPTER
746 2180 840 2227 QUAS
858 2179 1004 2223 DIMITTI
1023 2178 1104 2220 ALI-

550 2293 653 2340 QUEM
672 2290 897 2335 CONVENIAT.

637 2397 734 2461 CAP.
760 2397 806 2460 ΙΙ.

199 2527 214 2582 l
241 2519 387 2584 Causas
412 2541 476 2598 eas,
502 2540 576 2603 quae
603 2520 644 2582 ad
674 2521 813 2604 aliquem
840 2520 1071 2585 dimittendrnn
1096 2520 1270 2601 sufficiant,

239 2631 418 2716 ponderare
439 2652 547 2694 coram
565 2631 709 2696 Domino
732 2632 862 2696 debebit
883 2632 1027 2717 prudens
1050 2631 1189 2696 charitas
1206 2633 1269 2696 Su-

239 2742 384 2828 perioris,
406 2743 463 2826 qui
484 2743 671 2828 hujusmodi
692 2745 879 2809 facultatem
899 2745 1068 2824 habuerit3
1091 2745 1149 2809 sed
1170 2767 1269 2830 gene-

238 2854 334 2917 ratim
347 2853 521 2938 loquendo,
535 2867 674 2939 quatuor
688 2878 800 2920 eorum
815 2877 933 2941 genera
947 2856 1014 2920 fore
1029 2855 1191 2920 videntur.

198 2973 217 3028 2
242 2964 398 3043 Primum,
424 2965 452 3028 si
477 2965 511 3028 in
537 2966 680 3031 Domino
705 2967 917 3052 judicaretur,
944 2978 1057 3031 contra
1082 2961 1185 3052 ipsius
1209 2968 1270 3031 ho-

240 3099 352 3141 norem
367 3089 399 3140 et
414 3077 549 3162 gloriam
563 3078 642 3158 fore,
657 3080 746 3164 qubd
761 3080 788 3143 is
804 3078 837 3142 in
852 3081 914 3143 hac
930 3079 1089 3145 Societate
1111 3091 1269 3159 maneret,

240 3188 296 3273 qui
319 3187 466 3253 rideatur
488 3189 523 3252 in
549 3189 744 3273 quibusdam
766 3190 874 3275 pravis
898 3190 1067 3254 affectibus
1091 3200 1147 3253 aut
1168 3189 1268 3269 vitiis,

240 3322 313 3384 quae
333 3299 476 3364 divinam
498 3300 667 3364 offendunt
687 3301 907 3386 Majestatem,
925 3302 1042 3386 corrigi
1063 3323 1130 3364 non
1150 3323 1267 3386 posse3

239 3434 312 3496 quae
327 3435 365 3476 eo
380 3412 488 3475 minus
510 3412 636 3476 tolerari
656 3413 820 3492 deberent,
843 3434 908 3497 quo
928 3413 1074 3498 graviora
1088 3423 1209 3492 essent,
1233 3426 1267 3477 et

239 3525 314 3609 plus
341 3524 445 3608 culpae
470 3524 645 3604 haberent3
677 3525 753 3589 licet
783 3525 852 3588 aliis
882 3525 1010 3588 nullum
1034 3525 1268 3589 offendiculum

243 3636 343 3718 (quod
357 3634 528 3700 manifesta
542 3657 609 3700 non
624 3639 742 3721 essent)
760 3638 953 3723 praeberent.

197 3753 218 3808 3
241 3746 390 3811 Alterum
416 3758 477 3826 est,
501 3746 529 3811 si
552 3748 788 3813 existimaretur
810 3748 845 3812 in
871 3748 1026 3827 Domino,
1050 3748 1190 3831 aliquem
1216 3770 1269 3811 re-

240 3856 353 3946 tinere,
374 3869 487 3923 contra
502 3859 671 3923 Societatis
690 3860 814 3924 bonum
835 3859 913 3938 fore,
934 3860 1117 3944 quodcum
1137 3858 1269 3924 univer-

240 3966 305 4029 sale
321 3966 373 4046 sit,
388 3970 477 4033 haud
492 3970 589 4033 dubie
603 3970 689 4034 bono
705 3971 890 4055 particulari
908 3970 1044 4055 alicujus
1065 3968 1211 4055 praeferri
1226 3970 1269 4033 ab

184 4160 187 4164 Ι
240 4099 278 4141 eo
294 4077 401 4158 debet,
416 4081 472 4163 qui
487 4104 619 4166 syncere
635 4081 782 4146 divinum
804 4082 995 4165 obsequium
1018 4081 1144 4165 quaerit.
1188 4081 1269 4144 Tale
