2646 4732
494 357 819 401 CONSTITUTIONUM

182 535 320 610 oportet,
333 525 520 602 movendos,
532 531 565 587 et
579 535 617 588 ut
633 524 742 587 omnia
757 545 815 587 sua
830 523 938 587 studia
953 524 994 586 ad
1008 524 1097 587 hunc
1106 525 1206 587 finem

180 638 330 701 referant
376 638 475 703 Quod
500 649 537 700 ut
562 637 603 700 ad
632 637 819 700 memoriam
849 636 895 700 cis
924 636 1107 717 reducatur,
1132 649 1206 701 ante

112 812 114 819 ,
181 748 328 813 lectionis
352 748 480 812 initium
503 748 589 812 dicat
615 748 730 832 aliquis
752 747 881 811 brevem
905 747 1083 811 orationem
1109 749 1151 812 ad
1173 748 1208 812 id

181 861 377 940 institutam,
397 883 495 944 quam
519 861 713 944 Praeceptor,
735 872 767 923 et
791 860 941 945 discipuli
963 882 1075 924 omnes
1095 868 1207 945 aperto

183 973 287 1058 capite
304 973 427 1037 attente
443 972 586 1036 audient.

139 1093 156 1147 5
184 1085 320 1170 Propter
334 1107 399 1163 eos,
415 1083 471 1168 qui
487 1083 603 1147 tamin
619 1082 785 1167 diligentia
800 1083 866 1146 suis
883 1082 998 1146 studiis
1013 1083 1207 1163 adhibenda,

183 1200 280 1283 quam
295 1198 330 1261 in
344 1198 394 1277 iis,
410 1220 483 1282 quae
499 1198 540 1260 ad
554 1196 658 1260 bonos
673 1218 778 1261 mores
793 1197 968 1282 pertinent,
982 1197 1208 1282 peccaverint3

184 1324 221 1375 ut
245 1333 320 1374 cum
347 1310 465 1395 quibus
492 1309 559 1374 sola
583 1308 681 1373 verba
702 1309 798 1388 bona,
821 1320 853 1372 et
877 1309 1115 1374 exhortationes
1141 1331 1208 1374 non

185 1423 361 1501 sufficiunt,
381 1423 548 1486 Corrcctor
565 1424 632 1502 (qui
647 1423 685 1485 de
701 1421 860 1486 Socictote
883 1444 944 1486 aaa
965 1425 1023 1500 sit)
1048 1421 1207 1486 constitu-

184 1545 268 1611 atur,
284 1531 340 1616 qui
355 1553 473 1616 pueros
503 1531 538 1594 in
554 1531 669 1595 timore
692 1531 866 1610 contineat,
890 1543 923 1595 ct
945 1554 1010 1612 eoS,
1033 1531 1152 1616 quibus
1174 1533 1208 1595 id

185 1666 268 1729 opus
284 1642 354 1723 erit,
370 1643 490 1728 quique
507 1641 727 1726 castigationis
742 1641 930 1728 hujusmodi
952 1654 1048 1706 erunt
1062 1665 1208 1728 capaces,

185 1754 331 1839 castiget.
377 1754 462 1817 Cum
478 1761 586 1817 autem
606 1776 667 1817 nec
689 1754 796 1833 verba,
812 1777 872 1818 nec
896 1754 1093 1818 Correetoris
1109 1756 1210 1818 offici-

183 1891 241 1932 um
264 1867 341 1932 satis
364 1879 459 1947 esset,
480 1879 513 1932 et
538 1868 572 1930 in
595 1867 702 1953 aliquo
724 1868 906 1933 emendatio
928 1890 995 1933 non
1016 1880 1209 1954 speraretur,

183 1980 316 2064 aliisque
343 2001 412 2043 esse
443 1978 637 2042 offendiculo
666 1979 847 2059 videretur3
880 1987 1013 2064 praestat
1043 1981 1062 2044 a
1091 1981 1209 2045 scholis

184 2114 258 2155 eum
284 2112 458 2168 removere,
483 2089 580 2174 quam
606 2089 663 2153 ubi
689 2112 805 2175 parum
826 2090 895 2175 ipse
919 2092 1059 2177 proficit,
1083 2104 1116 2156 et
1141 2093 1209 2156 aliis

184 2210 291 2281 nocet,
315 2201 463 2265 retinere.
510 2201 584 2264 Hoc
607 2213 716 2264 autem
738 2201 899 2286 judicium
921 2202 1050 2267 Rectori
1071 2203 1210 2268 Univer-

186 2312 302 2392 sitatis,
317 2323 354 2375 ut
370 2310 479 2376 omnia
493 2311 534 2374 ad
556 2312 691 2396 gloriam
706 2320 739 2376 et
754 2312 919 2377 servitium
935 2314 1009 2393 Dei,
1024 2325 1062 2378 ut
1076 2337 1137 2400 par
1150 2324 1210 2396 cst,

184 2424 374 2508 procedant,
388 2422 598 2506 relinquetur.

191 2786 238 2831 DE
256 2787 530 2847 OFFIGIALIBUS,
546 2789 619 2831 VEL
636 2791 826 2835 MINISTRIS
844 2794 1142 2839 UNIVERSITATIS.

551 2906 649 2972 CAP.
672 2909 786 2973 XVII.

147 3051 161 3104 1
189 3042 297 3106 Cena
323 3041 524 3121 universalis,
548 3043 600 3107 vel
629 3045 929 3130 superintendentia
959 3061 991 3112 et
1020 3050 1212 3134 gubernatio

188 3152 417 3217 Universitatis
432 3176 533 3238 penes
545 3155 716 3220 Rectorem
731 3157 791 3220 erit
803 3183 812 3237 3
836 3158 892 3243 qui
906 3159 993 3223 idem
1008 3182 1078 3224 esse
1092 3163 1212 3248 poterit

188 3264 244 3349 qui
266 3264 300 3327 in
320 3263 464 3348 Collegio
486 3265 649 3350 praecipuo
673 3267 842 3332 Societatis
864 3279 992 3355 praeest,
1015 3282 1048 3336 et
1069 3273 1109 3337 iis
1129 3296 1213 3359 prae-

190 3375 277 3439 ditus
300 3375 364 3439 Dei
384 3375 490 3455 donis,
505 3377 545 3440 de
568 3377 686 3460 quibus
709 3379 832 3443 dictum
859 3393 919 3461 est,
942 3395 980 3446 ut
1001 3384 1106 3469 possit
1125 3408 1214 3449 com-

190 3486 290 3550 misso
306 3485 367 3549 sibi
383 3486 487 3550 officio
510 3487 677 3572 dirigendo
695 3489 730 3554 in
753 3490 868 3555 litteris
887 3504 919 3557 et
942 3494 1087 3559 moribus
1110 3507 1214 3562 totam

188 3596 442 3661 Universitatem
462 3598 653 3664 satisfacere.
698 3602 780 3687 Ejus
803 3603 916 3668 electio
939 3606 981 3668 ad
997 3607 1214 3692 Praepositum

191 3708 394 3787 Generalem,
409 3708 459 3771 vel
474 3708 584 3789 alium,
600 3711 652 3774 cui
674 3712 727 3776 ille
749 3714 783 3777 id
805 3715 1001 3780 commiserit
1019 3717 1216 3803 (cujusmodi

191 3830 275 3883 esset
299 3818 518 3900 Prouincialis,
540 3821 592 3884 vel
613 3822 779 3907 Visitator)
805 3827 985 3911 spectabit3
1012 3829 1217 3896 confirmatio

190 3933 265 3998 verb
296 3955 423 4018 semper
459 3933 519 3996 erit
551 3935 728 4002 Generalis,
775 3939 918 4006 Habebit
955 3955 1064 4007 autem
1096 3946 1219 4010 Rector

191 4055 330 4130 quatuor
354 4045 572 4128 Consiliarios,
598 4049 648 4111 vel
672 4042 889 4132 Assisten'tes3
922 4054 979 4138 qui
1000 4054 1155 4121 in‘rebus
1176 4059 1219 4123 ad
