2646 4732
168 303 238 372 180
424 323 633 374 rnrucrrnns
658 279 703 372 or
728 319 923 373 rasurrrsn.

132 567 135 589 Ι
219 485 292 558 Sed
323 484 484 585 quamvis
510 485 586 559 haec
609 482 788 558 sententia
804 477 1028 556 communior
1045 487 1085 550 et
1102 496 1195 572 pro-

169 608 318 681 babilior
342 608 400 696 sit,
417 633 489 681 non
512 620 635 681 tamen
660 619 715 681 est
728 605 820 681 aded
844 614 955 691 certo,
975 613 1019 676 ut
1036 599 1188 700 quidam

171 756 214 803 ex
244 732 320 828 ejus
350 715 594 804 defemoribus
628 731 854 815 existimant3
896 728 982 804 edm
1015 725 1187 800 innititur

168 852 221 925 illi
244 852 309 926 soli
324 852 500 951 principio
522 854 788 954 philosophico,
802 853 902 953 qubd
923 877 1047 926 semen
1072 847 1187 922 foemi-

170 1005 278 1053 neum
309 1005 382 1054 non
416 981 462 1054 sit
491 980 730 1055 necessarium
755 981 801 1055 ad
827 978 1120 1079 generationem
1149 984 1187 1048 at

170 1103 261 1177 illud
277 1128 349 1178 non
374 1116 429 1178 est
445 1115 595 1192 certum,
621 1104 706 1203 quia
726 1102 810 1178 satis
826 1100 1063 1201 probabiliter
1079 1096 1188 1171 multi

171 1237 297 1300 tenent
333 1228 552 1303 contrarium
569 1282 578 1300 .
593 1283 626 1301 ..
648 1228 746 1302 com
779 1253 867 1325 ergo
905 1224 1188 1299 fundamentum

48 1427 54 1449 p
172 1375 244 1422 non
261 1351 307 1423 sit
324 1362 474 1438 certum,
496 1351 548 1424 ita
564 1376 629 1424 nec
649 1350 769 1449 opinio
785 1351 837 1423 illi
854 1349 1022 1422 innitens.
1076 1343 1187 1428 Quod

172 1473 263 1549 adeb
289 1475 472 1573 probabile
498 1487 563 1565 est,
589 1488 631 1550 ut
658 1477 793 1550 Suarez
808 1476 966 1549 fateatur
989 1498 1074 1546 cum
1098 1469 1189 1555 aliis,

172 1622 249 1671 esse
272 1599 458 1697 probabile
480 1601 634 1674 adfuisse
660 1627 781 1674 semen
803 1600 841 1675 in
860 1597 1025 1696 Virgine,
1050 1597 1187 1695 absque

173 1721 269 1794 omni
282 1746 428 1818 prorsus
445 1722 720 1809 inordinatione,
738 1734 782 1795 ut
797 1721 1018 1796 ministraret
1035 1743 1190 1817 concep-

174 1843 262 1945 ¹tioni
287 1845 422 1919 Christi
445 1847 645 1932 materiam,
671 1857 713 1920 ut
734 1845 783 1918 sic
808 1854 901 1917 esset
918 1866 1002 1915 vera
1023 1851 1062 1912 et
1081 1849 1190 1911 natu·

172 1968 254 2042 ralis
272 1981 388 2043 mater
407 1970 487 2044 Dei.
542 1970 650 2054 Quod
666 1969 764 2042 idern
785 1965 945 2039 defendit
960 1965 1060 2038 Pero
1077 1963 1187 2036 Malo

170 2092 209 2165 in
219 2094 389 2193 Append.
404 2097 458 2170 ad
470 2098 591 2170 Tract.
607 2097 652 2169 cle
663 2095 802 2171 Semina
806 2121 822 2178 ;
839 2093 901 2167 ubi
915 2092 1004 2192 quid
1017 2092 1184 2165 naturale

172 2225 209 2287 et
226 2215 314 2314 quid
331 2217 585 2291 miraculosum
601 2217 712 2290 fuerit
728 2217 765 2290 in
784 2215 918 2289 Christi
936 2215 1184 2313 conceptione,

171 2342 275 2442 §Aa
297 2346 378 2421 oerd
395 2345 526 2419 Maria
550 2344 675 2442 Virgo,
702 2355 740 2417 et
767 2343 898 2441 probat
925 2344 1060 2441 absque
1088 2340 1184 2416 omni

171 2466 433 2542 inordinatione
464 2479 502 2542 et
531 2466 829 2566 concupiscentia,
855 2465 970 2539 decidi
996 2490 1113 2564 posse,
1134 2490 1186 2538 se·

171 2593 430 2688 men.--(Ibid.
457 2619 491 2667 n.
508 2596 582 2691 ll.)

224 2715 374 2812 Triplex
403 2717 440 2790 in
461 2718 529 2791 bac
552 2717 794 2817 disputatione
811 2716 1003 2792 involvitur
1021 2713 1183 2814 quaestio.

173 2838 306 2927 Prima,
318 2842 461 2939 quando
469 2868 529 2915 vas
542 2843 744 2916 innaturale
755 2853 960 2941 usurpatur.
1004 2841 1184 2926 Secunda,

173 2967 317 3066 quando
360 2968 548 3044 seminatio
589 2971 776 3068 utriusque
814 2971 976 3070 conjugis
1013 2996 1088 3044 non
1130 2980 1184 3043 est

173 3095 397 3183 simultanea,
412 3137 413 3141 ¹
429 3097 486 3170 vel
521 3096 608 3170 data
639 3099 763 3194 opera,
794 3108 849 3170 est
876 3100 979 3169 extra
1007 3121 1071 3168 vas
1096 3094 1185 3192 legi·

171 3220 310 3294 timum.
363 3220 500 3307 Tertia,
529 3221 673 3318 quando
693 3231 748 3293 est
768 3231 882 3308 extra,
903 3219 1042 3293 ratione
1071 3220 1184 3316 impo-

120 3403 122 3407 ,
174 3345 476 3438 tentiae.·-(Tom.
491 3342 538 3415 iii.
565 3343 646 3416 Lib.
660 3344 708 3416 ix.
735 3345 844 3443 Disp.
867 3349 924 3416 17.
949 3369 985 3416 a.
1003 3345 1056 3439 1.)

225 3468 387 3554 'Quaestio
408 3468 544 3540 1.—An
566 3493 706 3566 semper
729 3469 776 3543 sit
798 3469 905 3566 culpa
928 3467 1085 3553 lethalis,
1110 3469 1184 3556 ubi,

172 3621 255 3669 vase
279 3593 434 3667 naturali
457 3593 599 3680 omisso,
619 3594 814 3668 innaturali
838 3596 1009 3692 conjuges
1029 3594 1185 3666 abutun-

172 3721 257 3793 tur?
309 3718 359 3790 Et
390 3716 536 3815 quidem
566 3716 627 3790 ubi
659 3716 697 3790 in
724 3743 806 3791 vase
831 3714 1026 3790 innaturali
1055 3713 1185 3812 copula

172 3851 452 3927 consummatur,
470 3850 533 3914 aut
550 3851 605 3912 est
621 3840 760 3912 animus
775 3836 1057 3921 consummandi,
1073 3834 1185 3911 mani-

170 3964 263 4040 festa
297 3978 352 4040 est
385 3965 546 4040 sodomia
579 3965 732 4051 lethalis,
765 3976 1026 4064 peccatumque
1059 3968 1184 4037 contra

170 4099 347 4164 naturam.
407 4089 510 4173 Quia
549 4087 760 4162 adversatur
798 4087 860 4160 fini
897 4085 1056 4160 naturali
1072 4084 1181 4159 =illius
