2646 4732
548 333 639 376 rans
664 333 777 377 nonu.
1123 321 1182 378 115

167 497 214 583 qui
227 496 431 576 discretione,
446 519 483 560 ac
503 498 572 561 zelo
595 499 776 561 communis
799 498 877 562 boui
893 499 1061 564 Societatis
1083 501 1184 586 polle-

164 621 222 689 ant,
251 608 449 673 constituat:
485 609 552 675 Qui
582 610 712 693 quidem
745 611 833 695 apud
869 610 1084 695 Praepositum
1114 635 1182 676 ma·

163 732 281 800 nentes,
299 720 335 784 in
358 731 539 805 conspectu
553 720 715 784 Creatoris
736 743 773 784 ac
796 721 931 785 Domini
954 722 1004 785 sui
1023 723 1127 787 dicere
1146 746 1183 789 ac

162 834 290 912 efficere,
313 832 470 917 quicquid
489 832 574 896 circa
596 833 657 896 tria
676 834 782 918 prima
804 834 839 897 in
861 835 1058 918 praecedenti
1078 835 1184 921 capite

160 945 240 1012 dicta
255 945 299 1009 ad
313 944 468 1031 majorem
483 945 547 1009 Dei
562 945 697 1031 gloriam
712 947 779 1010 sore
796 947 955 1010 senserint
970 959 1152 1012 teneantur.

128 1056 282 1120 3Electio
311 1079 388 1121 vero
419 1068 558 1140 quatuor
594 1056 784 1142 hujusmodi
821 1058 1041 1122 assistentium
1071 1082 1183 1124 eorum

158 1170 223 1249 erit,
243 1170 302 1255 qui
323 1170 539 1256 Praepositum
562 1170 693 1255 eligent,
711 1172 842 1255 quando
865 1171 907 1235 ad
928 1172 962 1235 id
984 1195 1184 1257 congregan-

158 1295 215 1347 tur.
274 1283 375 1350 Quod
405 1283 432 1346 si
469 1284 521 1348 vel
556 1295 694 1347 mortem
725 1284 838 1364 obiret,
875 1286 927 1349 vel
956 1308 975 1349 a
1005 1285 1184 1371 Praeposito

159 1396 307 1460 Generali
330 1396 453 1460 diutius
478 1396 589 1460 abesse
614 1409 748 1483 propter
774 1420 887 1461 causas
911 1420 1024 1482 graves
1043 1398 1183 1483 aliquem

157 1507 299 1592 ipsorum
324 1519 508 1592 oporteret3
542 1529 609 1572 non
639 1508 898 1594 repugnantibus
930 1509 1184 1576 Provincialibus

158 1619 338 1699 Societatis,
363 1620 561 1705 Praepositus
588 1620 756 1684 Generalis
787 1621 886 1685 alium
916 1621 1103 1699 substituet,
1128 1623 1184 1706 qui

158 1756 228 1797 cum
252 1734 487 1820 approbatione
512 1734 670 1814 omnium,
700 1735 751 1799 vel
780 1735 910 1820 majoris
939 1737 1041 1822 partis
1072 1758 1182 1801 eorum

157 1845 298 1909 manebit
312 1845 347 1910 in
363 1845 523 1910 demortui
537 1846 589 1909 vel
604 1845 746 1910 absentis
762 1847 843 1911 loco.

125 1964 141 2018 4
158 1957 262 2021 'lertio
280 1957 308 2022 si
323 1958 481 2022 accideret
497 1957 628 2042 aliquod
649 1980 688 2021 ex
709 1959 851 2043 pcccatis
870 1959 1004 2041 (avertat
1025 1959 1060 2022 id
1076 1960 1180 2042 Deus)

159 2092 227 2154 quae
254 2070 422 2134 sufficiunt
445 2070 488 2134 ad
515 2070 730 2156 Praepositum
757 2071 862 2135 officio
885 2093 944 2134 suo
968 2070 1182 2155 privandumz

159 2180 251 2245 simul
275 2189 373 2267 atque
403 2205 454 2246 res
484 2205 543 2267 per
566 2182 752 2246 testimonia
776 2182 979 2260 sufficientia,
1003 2182 1056 2245 vel
1079 2182 1182 2268 ipsius

159 2293 399 2359 affirmationem
420 2305 601 2374 constaret,
630 2294 816 2379 juramento
839 2294 1084 2378 obstringantur
1104 2317 1183 2379 qua·

160 2416 229 2469 tuor
246 2406 436 2470 assistentes
461 2407 502 2469 ad
526 2406 560 2469 id
584 2405 737 2470 Societati
760 2405 1033 2486 denunciandum,
1056 2417 1088 2470 et
1108 2429 1185 2482 cum

161 2518 314 2598 omnium,
337 2519 389 2582 vel
415 2526 500 2583 certe
523 2518 623 2582 trium
646 2518 938 2604 subscriptionibus
961 2520 1184 2606 congregatio

160 2651 241 2711 nem,
260 2630 295 2694 id
315 2642 366 2694 est
391 2630 587 2716 Praepositos
608 2630 823 2694 Provinciales
849 2653 925 2694 cum
952 2632 1079 2696 duobus
1103 2632 1184 2715 aliis,

161 2763 237 2825 quos
253 2740 374 2827 singuli
389 2763 429 2806 ex
444 2764 503 2805 sua
519 2741 688 2805 Provincia
710 2764 819 2806 secum
843 2742 1006 2807 adducent
1023 2744 1091 2828 (qui
1106 2767 1184 2815 con÷

161 2854 281 2940 gregari
297 2853 506 2937 tenebuntur)
525 2855 777 2917 convocandam.
823 2855 869 2917 Et
891 2855 918 2918 si
940 2877 991 2920 res
1007 2856 1183 2942 divulgata,

161 2975 190 3027 et
203 2965 420 3029 communiter
433 2965 605 3029 manifesta
627 2976 732 3043 esset3
764 2987 830 3029 non
853 2973 1022 3050 expectata
1044 2979 1183 3051 quatuor

161 3076 377 3140 assistentium
393 3076 633 3156 convocatione,
648 3076 862 3141 Provinciales
874 3076 927 3140 alii
943 3076 1021 3141 alios
1036 3079 1182 3142 vocando

160 3187 325 3253 convenire
350 3188 522 3253 deberent:
556 3189 601 3252 Et
619 3189 690 3274 ipso
714 3189 818 3274 primo
845 3188 907 3267 die,
932 3187 1049 3273 quoin
1073 3188 1182 3252 locum

160 3300 343 3387 hujusmodi
359 3301 616 3386 congregationis
631 3301 864 3387 ingredientur,
879 3301 936 3365 ubi
951 3301 1089 3364 aderunt
1104 3323 1183 3385 qua-

161 3423 229 3477 tuor
249 3413 308 3492 illi,
329 3413 386 3498 qui
406 3422 635 3492 convocarunt,
656 3436 731 3477 cnm
752 3412 821 3478 aliis
841 3413 1056 3499 congregatis,
1070 3435 1139 3477 rem
1156 3413 1182 3477 is

162 3527 374 3613 aggrediatur,
385 3528 438 3591 cui
454 3528 563 3592 omnia
578 3528 704 3592 notiora
719 3538 806 3607 sunt,
817 3539 849 3592 et
865 3527 1026 3593 accusatio
1042 3527 1182 3592 dilucide

161 3639 355 3724 explicetur3
378 3661 443 3724 qua
458 3640 578 3720 audita,
595 3639 792 3725 Praepositus
815 3640 900 3705 foras
923 3639 1123 3725 egredietur3
1150 3651 1183 3704 et

162 3749 400 3835 antiquissimus
417 3774 456 3815 ex
472 3750 726 3815 Prouincialibus
743 3751 839 3815 simul
855 3774 930 3815 cum
947 3751 1134 3831 secretario,
1151 3764 1183 3816 et

162 3861 217 3925 alio
232 3862 403 3927 assistente
420 3863 459 3926 de
475 3871 544 3928 tota
558 3886 592 3926 re
609 3863 801 3927 scmtinium
816 3863 923 3943 faciat,
939 3874 972 3926 et
987 3862 1093 3948 primo
1110 3863 1182 3947 qui-

157 3971 241 4053 dem,
264 3996 306 4059 an
327 3982 455 4039 constet
479 3976 519 4039 de
546 3987 691 4060 peccatu,
711 3977 800 4061 quod
820 3974 981 4060 objicitur,
1003 3975 1119 4039 deinde
1141 3998 1182 4039 an

164 4081 342 4169 hujusmodi
367 4087 419 4167 sit,
440 4098 477 4150 ut
503 4072 636 4173 propter
658 4088 692 4151 id
715 4087 833 4172 privari
854 4086 957 4152 officio
985 4086 1120 4166 debeat3
1151 4099 1183 4151 et
