2646 4732
182 333 244 391 122
559 348 885 398 oonsmrurrouuu

245 527 279 580 et
292 515 499 600 paucioribus
514 538 574 602 pro
596 517 799 598 necessitate,
813 541 852 583 ac
873 530 1040 586 momento
1061 542 1173 587 rerum
1195 524 1275 610 ipsis

245 629 491 695 commissarum
506 630 667 696 sublevari
688 631 819 712 debent,
835 653 872 697 ac
893 633 1058 718 praecipue
1079 635 1123 699 ad
1145 637 1275 701 consili-

243 766 300 807 um
318 743 454 828 aliquos,
478 766 554 808 cum
578 743 697 828 quibus
719 766 770 808 res
792 744 965 830 graviores,
987 768 1062 831 quae
1084 760 1273 829 occurrunt,

247 857 490 921 communicent
508 856 656 942 (quanvis
671 855 717 920 eis
733 856 852 921 auditis
871 880 973 943 penes
995 859 1127 925 eosdem
1151 860 1195 926 sit
1211 872 1274 926 sta·

246 967 360 1033 tuendi
374 969 522 1052 facultas)
541 967 727 1053 designatos
742 967 894 1034 habeant.

446 1709 746 1800 DECIMA
792 1710 1000 1820 PARS3

212 1938 250 2001 de
264 1938 364 2018 modo,
380 1958 439 2020 quo
455 1939 645 2017 conservari,
661 1944 692 2002 et
707 1939 817 2020 nuperi
833 1944 934 2002 totum
948 1958 1061 2020 eorpus
1077 1938 1250 2003 Societatis

515 2053 549 2114 io
563 2071 619 2114 suto
636 2049 712 2114 bono
723 2056 810 2113 stato
825 2051 942 2132 possit.

202 2434 218 2490 1
341 2428 425 2492 UlA
452 2429 696 2510 societasque
728 2430 839 2492 mediis
870 2429 1014 2492 hamonis
1035 2429 1188 2492 icutitoto
1213 2449 1274 2492 ooo

245 2427 398 2677 Qest,
413 2564 472 2627 per
486 2564 524 2605 ea
538 2563 598 2606 nec
613 2541 796 2606 conservari
809 2563 870 2605 nec
886 2541 995 2626 augeri
1009 2552 1129 2625 potest,
1142 2540 1201 2605 sed
1215 2563 1274 2626 per

344 2654 481 2737 gratiam
504 2652 735 2739 omnipotentis
763 2653 827 2717 Dei
848 2675 886 2716 ac
909 2652 1043 2717 Domini
1066 2648 1171 2717 nostri
1190 2653 1274 2718 Jesu

246 2763 371 2827 Christi
380 2790 389 2844 3
411 2767 446 2828 in
462 2787 500 2829 eo
516 2766 583 2830 solo
600 2787 691 2850 spem
708 2765 862 2829 constitui
878 2776 1016 2850 oportet,
1032 2766 1121 2850 quod
1142 2787 1274 2830 conser-

243 2886 377 2941 vaturus
393 2877 445 2957 sit,
460 2889 494 2942 et
508 2889 716 2963 promoturus
731 2879 794 2941 hoc
809 2901 903 2963 opus,
919 2878 1008 2962 quod
1022 2878 1064 2941 ad
1078 2877 1272 2962 obsequium

243 2998 276 3052 et
298 2988 428 3052 laudem
453 3011 556 3068 suam,
582 3001 614 3053 et
639 2989 793 3053 auxilium
818 2989 998 3054 animarum
1024 2988 1178 3054 inchoare
1202 2990 1273 3075 dig-

243 3107 420 3165 natusest.
464 3101 509 3164 Et
540 3100 637 3187 juxta
663 3124 755 3187 spem
784 3102 870 3164 hanc
899 3101 1042 3187 primum
1068 3101 1215 3166 medium
1240 3114 1272 3166 et

242 3213 382 3276 maxime
404 3224 669 3278 consentaneum
682 3213 865 3278 orationum
888 3224 921 3276 et
944 3212 1175 3278 sacrificiorum
1200 3213 1271 3293 erit,

241 3348 315 3410 quae
329 3327 391 3390 hac
406 3348 482 3391 cum
501 3326 680 3391 intentione
704 3336 816 3391 sancta
837 3326 954 3406 offerri,
977 3338 1010 3390 et
1032 3325 1169 3411 singulis
1191 3326 1271 3390 heb·

242 3437 400 3517 domadis,
414 3437 592 3516 mensibus,
608 3448 640 3501 et
661 3437 755 3501 annis
777 3437 812 3501 in
835 3436 987 3501 omnibus
1001 3437 1091 3516 locis,
1107 3437 1165 3500 ubi
1182 3437 1272 3503 Soci-

242 3560 311 3614 etas
325 3550 455 3629 residet,
471 3562 558 3614 certa
573 3550 774 3614 ordinatione
789 3550 917 3614 institui
931 3549 1062 3613 debent.

199 3671 218 3726 2
241 3663 296 3727 Ad
310 3663 587 3727 conservationem
603 3674 635 3726 et
650 3663 887 3727 incrementum
901 3684 969 3726 non
992 3661 1097 3726 solum
1116 3661 1272 3746 corporis,

242 3777 277 3839 id
303 3788 352 3841 est
383 3798 505 3856 eorum,
535 3796 609 3860 quae
640 3786 772 3839 externa
802 3784 890 3854 sunt,
920 3775 978 3839 sed
1008 3773 1105 3838 etiam
1136 3773 1272 3859 spiritus

244 3886 412 3953 Societatis
434 3895 530 3971 atque
553 3887 595 3949 ad
615 3886 851 3950 assecutionem
871 3885 957 3965 finis,
980 3907 1078 3970 quem
1101 3883 1164 3949 sibi
1187 3907 1273 3971 prae-

240 3998 323 4083 figit,
346 3999 455 4063 auxilii
482 3999 672 4078 animarum,
699 3999 741 4062 ad
760 3998 914 4062 ultimum
934 4007 967 4062 et
990 3997 1272 4083 supernaturalem

240 4133 336 4175 suum
361 4114 460 4177 finem
484 4111 750 4198 consequendum
776 4111 883 4176 media
908 4110 973 4192 illa,
995 4132 1070 4195 quae
1096 4132 1174 4176 cum
1197 4110 1272 4176 Deo
