2646 4732
115 341 159 409 22
496 361 820 407 cousrmumouun

179 522 287 587 debita
301 546 383 609 opus
399 536 468 589 est:
492 538 524 590 et
539 527 585 591 ita
599 539 713 612 agetur
733 528 838 613 primo
860 527 931 590 loco
951 526 1081 612 quidem
1097 527 1137 592 de
1153 527 1204 606 iis,

179 654 251 718 quae
273 636 315 698 ad
336 636 476 700 animam
488 663 497 715 3
531 640 673 703 secundo
700 640 739 703 de
763 639 813 718 iis,
835 661 907 722 quae
929 639 970 702 ad
992 661 1110 724 corpus
1130 656 1204 724 per·

177 745 293 810 tinent.

136 863 155 918 2
180 857 279 922 Quod
298 859 340 922 ad
359 861 498 924 animam
521 862 648 941 attinet,
669 863 743 926 cum
766 862 849 926 tanti
868 862 993 939 referat,
1008 884 1074 940 eos,
1089 862 1146 945 qui
1167 862 1202 925 in

177 970 422 1054 probationibus
446 985 627 1052 versantur,
657 974 697 1037 ab
729 973 880 1038 omnibus
905 973 1202 1058 imperfectionibus

178 1093 210 1145 et
228 1083 394 1166 quibusvis
420 1085 660 1170 impedimentis
686 1085 816 1170 majoris
839 1084 1013 1170 spiritualis
1037 1084 1202 1169 profectus

177 1214 339 1258 removere
351 1219 361 1274 3
394 1196 533 1259 multum
550 1197 591 1260 ad
612 1197 647 1260 id
671 1197 806 1275 confert,
832 1218 961 1260 omnem
984 1195 1203 1259 communica-

178 1303 299 1367 tionem
314 1327 373 1391 per
386 1307 494 1386 verba,
509 1319 542 1371 et
558 1307 678 1392 scripta
698 1319 737 1371 ut
760 1306 912 1392 abjiciant
934 1328 1009 1370 cum
1030 1306 1081 1385 iis,
1097 1307 1153 1390 qui
1167 1306 1202 1370 in

175 1417 343 1500 proposito
359 1417 420 1481 sibi
435 1418 585 1483 instituto
607 1418 829 1504 intepescendi
852 1439 949 1482 causa
969 1439 1039 1481 esse
1056 1429 1203 1501 possent,

175 1539 208 1591 et
227 1538 265 1590 ut
284 1528 319 1591 in
336 1528 388 1592 via
414 1530 571 1614 spirituali
594 1530 774 1594 incedendo
799 1552 874 1593 oum
891 1529 931 1593 iis
950 1529 1108 1592 duntaxat
1127 1551 1203 1613 per-

175 1640 273 1719 sonia,
304 1653 336 1705 et
364 1641 403 1705 iis
434 1643 473 1705 de
503 1643 599 1706 rebus
630 1655 739 1727 agant,
769 1664 841 1727 quae
873 1641 991 1727 juvent
1027 1641 1062 1704 in
1092 1641 1202 1704 divino

175 1752 328 1835 obsequio
344 1754 385 1816 ad
405 1752 439 1816 id
459 1755 734 1838 consequendum,
757 1754 844 1838 quod
866 1754 900 1816 in
922 1752 1070 1837 ingressu
1094 1751 1202 1816 Socie-

175 1864 251 1926 tatis
267 1863 328 1928 sibi
343 1875 380 1928 ut
396 1888 530 1951 scopum
545 1866 768 1952 praefigebant.

132 1984 151 2040 3
176 1976 300 2040 Eadem
321 1977 361 2040 de
382 2000 478 2042 causa
498 1980 606 2065 egredi
629 1980 726 2043 domo
748 2001 814 2042 non
836 1977 966 2056 debent,
982 1977 1045 2042 uisi
1060 1978 1203 2061 quando,

175 2100 207 2152 et
223 2112 297 2153 cum
313 2112 377 2174 quo
398 2091 484 2156 socio
500 2092 664 2178 Superiori
685 2091 792 2155 visum
814 2091 922 2154 fuerit.
967 2091 1038 2154 Nec
1057 2089 1146 2153 domi
1168 2089 1204 2153 hi

175 2225 250 2267 cum
268 2202 330 2266 illis
351 2203 450 2268 libere
471 2226 531 2289 pro
547 2227 606 2269 suo
621 2205 778 2268 arbitratu
798 2203 1033 2287 colloquantur,
1049 2202 1107 2266 sed
1126 2224 1203 2265 cum

173 2315 213 2380 iis
228 2315 366 2395 tantum,
382 2316 438 2400 qui
460 2339 479 2380 a
502 2317 672 2402 Superiore
694 2315 876 2402 praescripti
898 2314 1040 2393 fuerint3
1063 2336 1203 2399 quorum

174 2429 321 2512 exemplo
352 2438 384 2491 et
421 2428 641 2512 spiritualibus
676 2428 843 2511 colloquiis
873 2427 1119 2491 aedificationem
1150 2448 1204 2490 ac-

174 2538 306 2623 cipiant,
322 2560 387 2602 non
405 2549 513 2602 autem
528 2540 749 2619 offensionem,
764 2550 797 2603 et
811 2539 983 2625 proficiant
997 2538 1032 2601 in
1047 2537 1203 2603 Domino

131 2659 152 2714 4
176 2651 301 2714 Omnes
320 2650 576 2735 diligentissime
606 2663 720 2716 curent
744 2661 854 2736 portas
885 2672 1040 2714 sensuum
1067 2670 1202 2712 suorum

177 2763 355 2846 (oculorum
370 2763 543 2848 praecipue,
559 2763 695 2844 aurium,
714 2775 746 2827 et
765 2762 897 2848 liuguae)
916 2762 956 2826 ab
975 2760 1065 2825 omni
1084 2760 1203 2824 intem·

174 2861 321 2959 perantia
334 2874 386 2938 vel
400 2875 477 2939 vitio
493 2876 666 2956 custodire,
682 2898 718 2940 ac
735 2874 817 2939 sein
833 2896 912 2958 pace
927 2883 960 2936 et
982 2893 1057 2936 vera
1071 2871 1203 2934 humili-

134 3019 136 3024 ·
176 2998 242 3051 tate
272 2987 399 3052 interna
428 3010 626 3068 conservare,
656 3000 689 3053 et
725 3010 796 3053 eam
828 2987 863 3050 in
894 2985 1032 3064 silentio,
1062 2984 1137 3048 ciam
1168 2983 1203 3047 id

176 3100 413 3165 observandum
442 3112 512 3181 est,
550 3102 624 3166 oiim
655 3112 763 3165 autem
789 3099 987 3183 loquendum
1013 3097 1048 3159 iu
1075 3096 1202 3160 circun-

176 3213 340 3298 spectione
360 3224 393 3277 et
412 3213 624 3277 aedificatione
644 3212 826 3290 verborum,
849 3221 882 3273 et
899 3209 1057 3273 modestia
1080 3207 1202 3285 vultus,

177 3348 213 3390 ac
239 3326 353 3390 decore
377 3325 443 3388 sive
469 3325 624 3410 gravitate
650 3325 795 3388 incessus
819 3332 1032 3404 motuumque
1054 3319 1201 3383 omnium

177 3439 246 3502 siue
267 3438 334 3501 ullo
352 3436 562 3521 impatientiae
586 3448 643 3500 aut
666 3435 825 3520 superbiae
852 3435 945 3519 signo
966 3430 1134 3509 exhibere3
1168 3431 1203 3494 in

167 3551 328 3615 ‘omnibus
343 3551 545 3634 procurando
561 3560 656 3633 atque
679 3549 822 3635 optando
844 3547 985 3632 potiores
1007 3556 1116 3629 partes
1133 3542 1203 3606 aliis

177 3664 310 3741 deferre,
333 3683 444 3725 omnes
470 3661 503 3723 in
528 3662 636 3726 animo
660 3684 719 3724 suo
745 3672 899 3743 tanquam
927 3656 988 3720 sibi
1015 3653 1204 3738 Superiores

139 3813 143 3820 .
177 3774 336 3853 ducendo,
367 3784 399 3838 et
429 3773 568 3837 exterius
600 3775 755 3837 honorem
786 3794 823 3835 ac
852 3766 1075 3844 reverentiam,
1106 3787 1205 3848 quam

177 3886 276 3970 exigit
298 3886 454 3973 cujusque
472 3898 587 3966 statuS,
610 3889 684 3949 cum
709 3883 913 3968 simplicitate
932 3892 965 3944 et
984 3877 1206 3942 moderatione

177 3997 325 4082 religiosa
346 3998 548 4064 exhibendo:
583 4008 678 4081 atque
705 3996 751 4061 ita
771 3996 839 4074 fiat,
860 4006 897 4058 ut
922 4016 956 4057 se
982 3990 1098 4056 mutui)
1127 4011 1206 4053 con-
