2646 4732
482 365 574 408 rans
599 365 769 410 surmus.
1141 355 1180 412 83

161 551 352 614 quocunque
368 530 516 614 gentium
531 532 572 594 ad
593 531 749 615 majorem
764 531 828 596 Dei
850 531 985 616 gloriam
1008 540 1040 596 et
1063 533 1184 596 anima-

158 662 228 705 rum
243 641 400 706 auxilium
419 642 505 705 inter
526 643 649 721 fideles,
671 644 722 706 vel
744 644 903 722 infideles,
925 667 985 708 nos
1007 646 1184 711 mittendos

160 753 332 832 censuerit,
346 775 407 816 nos
422 754 637 818 conferamus.
681 755 715 818 N
717 777 753 818 ec
775 755 933 819 intellexit
949 756 1093 822 Societas
1111 779 1187 843 par·

160 864 326 929 ticularem
341 863 483 949 aliquem
496 865 605 929 locum
617 891 627 944 3
650 867 707 930 sed
721 877 759 930 ut
773 889 833 952 per
855 867 966 932 orbem
988 868 1022 932 in
1045 868 1187 935 diversas

161 980 321 1065 regiones,
336 991 369 1044 et
384 979 457 1044 loca
477 979 519 1043 ab
541 1001 579 1043 eo
602 992 826 1066 spargeretur:
849 981 925 1045 cirm
947 994 1085 1069 optaret,
1099 985 1188 1069 quod

161 1092 248 1155 factu
263 1091 427 1175 optimum
442 1101 538 1170 esset,
553 1091 682 1176 eligere,
701 1092 799 1176 idque
822 1105 965 1178 speraret
987 1095 1146 1175 futurum,
1161 1095 1189 1159 si

162 1203 245 1266 hanc
260 1201 365 1287 ipsius
381 1200 644 1267 distributionem
660 1225 808 1269 summus
824 1205 976 1270 Pontifex
989 1206 1119 1271 faceret.

127 1321 143 1377 2
163 1315 207 1378 Et
220 1314 256 1378 in
270 1315 333 1377 hac
348 1321 450 1399 parte,
461 1315 536 1378 ciun
551 1336 681 1379 omnem
696 1316 865 1401 proprium
880 1339 1013 1381 sensum
1029 1339 1066 1382 ac
1076 1318 1191 1383 volun-

164 1438 263 1490 tatem
286 1425 419 1490 Christo
442 1425 585 1490 Domino
605 1438 728 1506 nostro,
752 1439 785 1491 et
805 1427 875 1513 ejus
897 1428 1026 1493 Vicario
1048 1430 1191 1496 Societas

165 1537 348 1622 subjecerit,
371 1560 432 1602 nec
456 1538 657 1624 Praepositus
684 1538 853 1604 Generalis
878 1540 1048 1606 Societatis
1073 1564 1192 1629 prose

165 1649 246 1734 ipso,
261 1671 323 1714 nec
345 1648 519 1733 quisquam
540 1649 624 1713 alius
646 1670 686 1714 ex
707 1649 913 1716 inferioribus
934 1674 995 1738 pro
1011 1675 1045 1716 se
1059 1653 1111 1718 vel
1131 1676 1192 1740 pro

166 1761 227 1826 ulio
256 1783 369 1825 curare
400 1783 460 1826 nec
490 1771 615 1826 tentare
645 1761 796 1842 mediate,
825 1762 877 1827 vel
905 1763 1091 1829 immediate
1117 1787 1193 1830 cum

168 1895 295 1938 summo
320 1872 492 1951 Pontifice,
506 1873 559 1937 vel
573 1872 645 1958 ejus
660 1873 817 1939 ministris
831 1875 972 1961 poterit3
995 1889 1032 1940 ut
1054 1876 1193 1942 residere

167 1984 217 2050 vel
230 1983 319 2050 mitti
333 1983 444 2069 potius
458 1984 491 2048 in
508 1985 593 2048 hanc
615 1997 752 2069 partem,
767 2007 867 2070 quam
888 1986 923 2049 in
945 1986 1033 2050 illam
1056 1987 1194 2053 debeat:

168 2097 225 2160 sed
249 2095 418 2162 inferiores
446 2097 532 2160 hanc
562 2117 673 2160 curam
702 2095 887 2162 universam
917 2120 1045 2163 summo
1072 2099 1195 2163 Christi

168 2208 297 2274 Vicario
315 2231 354 2273 ac
369 2207 535 2295 Superiori
549 2231 627 2288 su03
651 2208 804 2294 Superior
823 2210 911 2289 verb,
932 2210 1021 2295 quod
1042 2210 1085 2275 ad
1104 2233 1196 2276 suam

170 2342 342 2406 personam
364 2320 492 2400 attinet,
515 2342 643 2384 summo
660 2319 822 2400 Pontifici,
842 2329 876 2384 et
900 2320 964 2407 ipsi
987 2321 1140 2387 Societati
1161 2323 1196 2387 in

171 2433 316 2497 Domino
330 2431 503 2516 relinquat.

132 2551 151 2608 3
174 2544 342 2622 Praeterea,
369 2542 426 2627 qui
448 2565 468 2607 a
489 2565 617 2608 summo
640 2544 798 2608 Pontifice
820 2544 1009 2630 designatus
1031 2546 1140 2628 suerit,
1160 2558 1199 2611 ut

174 2655 281 2740 aliquo
312 2676 347 2719 se
376 2655 540 2734 conferat3
577 2654 721 2740 seipsum
750 2655 936 2737 liberaliter,
965 2661 1000 2721 re
1030 2658 1200 2744 temporali

175 2767 263 2832 nulla
276 2788 337 2852 pro
351 2765 468 2830 viatico
483 2788 542 2852 per
557 2787 602 2845 se,
617 2766 669 2831 vel
683 2789 742 2852 per
756 2767 855 2830 alium
876 2768 1052 2852 postulata,
1067 2770 1200 2850 offerat3

176 2879 254 2964 quin
271 2877 382 2964 potius
408 2877 455 2942 sic
477 2878 556 2942 velit
578 2900 597 2942 a
620 2900 748 2944 summo
772 2880 930 2944 Pontifice
951 2881 1048 2961 mitti,
1071 2889 1110 2946 ut
1131 2882 1201 2968 ejus

179 2989 340 3056 Sanctitas
355 2989 396 3053 ad
410 2988 535 3074 gratius
550 2988 615 3055 Dei
632 3000 666 3053 et
688 2991 775 3055 sedis
789 2991 988 3076 Apostolicae
1010 2992 1202 3079 obsequium

178 3104 256 3184 fore,
269 3103 360 3168 nulla
373 3103 420 3167 rei
435 3102 566 3167 alterius
580 3103 615 3166 in
630 3125 668 3167 eo
683 3103 796 3169 habita
809 3104 944 3184 ratione,
960 3104 1166 3190 judicaverit.

143 3222 162 3278 4
182 3213 215 3280 Si
229 3236 378 3279 summus
393 3213 545 3279 Pontifex
558 3236 731 3300 personam
750 3237 817 3280 non
840 3215 1045 3301 designaret3
1067 3217 1125 3280 sed
1147 3216 1204 3280 ali-

182 3347 287 3410 quem,
312 3325 365 3391 vel
386 3325 496 3410 plures
522 3325 564 3390 ad
592 3325 692 3406 hunc,
714 3326 767 3392 vel
795 3327 887 3391 illum
912 3327 1021 3392 locum
1044 3328 1205 3413 proficisci

180 3436 316 3521 juberet,
346 3435 529 3521 Superioris
556 3435 689 3502 arbitrio
721 3436 946 3523 relinquendo,
983 3438 1039 3524 qui
1069 3438 1135 3503 sint
1164 3441 1206 3509 ad

185 3548 369 3634 hujusmodi
396 3547 585 3612 missionem
622 3549 788 3635 aptiores:
826 3548 980 3635 Superior
1012 3549 1107 3634 juxta
1136 3549 1206 3635 ejus

186 3671 382 3751 praeceptum
400 3685 469 3742 eos,
488 3662 545 3747 qui
563 3663 667 3749 magis
692 3663 875 3744 convenire,
895 3675 928 3728 et
948 3664 1087 3749 aptiores
1110 3664 1152 3727 ad
1172 3664 1208 3729 id

188 3776 249 3841 fore
267 3775 477 3854 videbuntur,
502 3775 695 3862 designabit.
741 3777 816 3844 Qua
839 3776 874 3840 in
900 3798 934 3840 re
956 3776 1061 3861 majus
1083 3774 1207 3840 bonum

189 3888 361 3955 universale
375 3890 566 3970 intuebitur,
576 3901 609 3954 et
622 3901 661 3954 ut
676 3911 775 3975 quam
789 3889 961 3954 minimum
977 3888 1207 3954 detrimentum

192 4000 245 4065 alia
259 4025 366 4090 opera,
382 4025 455 4089 quae
471 4005 512 4070 ad
527 4003 591 4069 Dei
606 4002 798 4088 obsequium
814 4013 965 4088 suscepta
979 4002 1110 4083 fuerim,
1125 4003 1208 4088 pati-

195 4124 291 4180 antur.
