2646 4732
187 355 248 413 110
567 365 893 411 cousrmurrouum

203 542 224 598 9
249 535 340 598 Idem
358 533 525 598 Generalis
546 533 579 596 in
598 533 806 598 missionibus
827 554 957 596 omnem
972 531 1105 598 habebit
1126 543 1274 619 potesta-

247 654 335 722 tem;
369 646 415 709 eis
440 656 549 709 tamen
569 646 659 709 nulla
680 646 803 710 ratione
821 644 1045 730 repugnando,
1064 667 1139 730 quae
1158 667 1179 710 a
1199 647 1275 711 sede

247 758 436 843 Apostolica
461 758 562 843 (utin
590 759 728 844 septima
748 770 840 844 parte
862 757 990 841 dicitur)
1012 758 1274 843 proficiscuntur.

247 872 381 936 Mittere
398 895 474 958 ergo
488 872 608 957 poterit
623 894 735 936 omnes
757 871 818 935 sibi
841 871 999 951 subditos,
1015 871 1081 936 sive
1102 872 1275 958 professio-

246 1007 323 1048 nem
338 984 513 1063 emiserint,
524 985 589 1048 sive
606 1006 672 1048 non
688 983 863 1063 emiserint,
882 985 975 1068 (quos
991 983 1168 1049 mittendos
1185 983 1274 1070 judi-

246 1097 376 1179 caverit)
399 1098 441 1159 ad
467 1096 627 1180 quaslibet
649 1097 763 1159 mundi
791 1107 899 1180 partes
922 1096 963 1158 ad
986 1095 1122 1181 quodvis
1143 1107 1273 1182 tempus

245 1209 297 1272 vel
322 1209 504 1286 definitum,
531 1208 582 1271 vel
606 1207 825 1286 indefinitum,
851 1215 949 1291 prout
972 1207 1003 1271 ei
1031 1207 1207 1288 videbitur,
1233 1211 1276 1272 ed

245 1323 375 1404 quaevis
391 1323 543 1384 actionem
558 1342 598 1383 ex
612 1319 663 1398 iis,
678 1318 797 1404 quibus
812 1319 861 1383 uti
876 1321 918 1382 ad
939 1320 1162 1404 proximorum
1182 1320 1274 1384 auxi-

244 1431 324 1494 lium
349 1431 491 1495 Societas
514 1431 596 1495 solet
618 1434 829 1495 exercendum.
876 1431 998 1496 Poterit
1028 1431 1126 1495 etiam
1155 1432 1272 1496 missos

244 1565 404 1622 revocare,
435 1555 467 1607 et
497 1545 531 1607 in
561 1544 700 1606 omuibus
726 1543 876 1627 denique,
902 1553 940 1606 ut
964 1543 1006 1607 ad
1029 1543 1186 1629 majorem
1211 1544 1274 1608 Dei

245 1653 380 1738 gloriam
410 1655 477 1718 fore
509 1654 656 1732 senserit,
687 1657 865 1735 procedere.
911 1655 1015 1734 Idem,
1045 1676 1122 1718 cum
1151 1656 1274 1719 talenta

245 1767 432 1830 hominibus
461 1766 630 1831 Societatis
661 1776 780 1830 nostrae
810 1768 930 1830 donata
959 1775 1145 1852 cognoscat,
1169 1768 1274 1833 officia

247 1878 510 1957 Praedicatorum,
526 1879 713 1958 Lectorum,
735 1890 768 1942 et
789 1878 1068 1942 Confessariorum
1090 1879 1273 1944 distribuet.

245 1990 297 2053 De
313 1989 383 2052 aliis
399 1990 512 2054 officiis
527 1991 721 2053 tantundem
737 1989 954 2074 intelligatur:
986 2001 1019 2054 et
1041 1990 1220 2075 quemlibet
1236 2013 1273 2055 eo

244 2101 279 2164 in
301 2123 444 2176 munere,
463 2103 551 2185 quod
574 2101 817 2165 convenientius
841 2103 881 2165 ad
904 2101 1050 2165 divinum
1066 2101 1273 2187 obsequium,

244 2223 277 2276 et
302 2213 438 2276 salutem
470 2213 650 2276 animarum
680 2213 828 2276 obiturus
857 2213 892 2276 in
923 2212 1067 2277 Domino
1096 2213 1272 2293 videbitur,

245 2324 433 2387 constituet.

183 2440 223 2499 10
246 2434 329 2519 Ejus
355 2435 427 2512 erit,
451 2433 500 2497 uti
524 2434 732 2498 facultatibus
757 2457 776 2498 a
800 2435 882 2499 Sede
906 2435 1094 2520 Apostolica
1117 2435 1274 2501 Societati

244 2545 417 2624 concessis,
444 2556 477 2608 et
503 2567 574 2608 eam
597 2557 722 2630 partem
742 2546 870 2610 illarum
889 2546 1064 2631 uuicuique
1083 2546 1273 2615 inferiorum

245 2657 494 2735 communicare,
515 2680 613 2741 quam
632 2658 668 2720 in
693 2658 764 2742 ipso
788 2658 870 2722 bene
895 2658 1083 2722 collocatam
1105 2660 1149 2723 ad
1171 2661 1273 2725 finem

245 2767 345 2830 divini
361 2767 507 2852 obsequii
522 2768 616 2832 nobis
635 2769 806 2854 praefixum
829 2769 1067 2835 existimaverit.
1112 2770 1272 2856 Ejusdem

243 2879 314 2958 erit,
338 2901 486 2944 revocare
516 2902 582 2960 eas,
605 2881 657 2944 vel
683 2883 882 2961 contrahere,
906 2884 949 2946 ad
968 2882 1104 2948 eandem
1123 2884 1271 2969 regulam

244 2992 344 3056 divini
358 2978 552 3079 beneplaciti
567 2994 675 3057 omnia
690 2995 858 3080 exigendo

180 3112 216 3166 11
243 3103 400 3189 Ejusdem
423 3103 590 3168 Generalis
611 3105 753 3169 officium
779 3105 850 3185 erit,
872 3105 1125 3171 correctionibus
1147 3108 1209 3188 uti,
1232 3130 1269 3172 ae

242 3215 460 3301 poenitentias,
485 3238 558 3301 quae
585 3219 625 3280 ad
652 3217 904 3282 satisfactionem
929 3239 1188 3303 quoruncuuque
1215 3218 1271 3283 de-

241 3328 388 3392 fectuum
414 3329 584 3392 convenire
608 3328 815 3409 videbuntur,
834 3329 945 3393 habita
967 3329 1090 3393 ratione
1116 3352 1271 3414 persona-

241 3463 327 3520 rum,
353 3448 386 3504 et
408 3440 543 3504 aliarum
564 3441 880 3521 circunstantiarum,
910 3441 1099 3527 injungere:
1131 3465 1270 3528 quarum

243 3552 455 3617 consideratio
471 3552 541 3637 ejus
556 3554 704 3619 charitati
719 3576 795 3619 cum
809 3554 983 3639 prudentia
1005 3553 1191 3638 conjuncta,
1206 3577 1271 3640 qua

243 3666 284 3729 ad
299 3665 363 3729 Dei
378 3665 512 3750 gloriam
527 3678 648 3747 utetur,
664 3667 889 3732 committitur.

180 3784 219 3841 12
242 3777 400 3863 Ejusdem
423 3777 493 3856 erit,
516 3801 691 3844 convocare
716 3779 910 3844 Societatem
930 3779 972 3842 ad
994 3779 1177 3863 generalem
1193 3801 1270 3843 con-

241 3903 376 3956 ventum
394 3893 535 3978 (quando
558 3893 627 3956 aliis
650 3893 689 3956 de
712 3893 820 3971 rebuS,
840 3892 993 3976 quamde
1009 3891 1271 3956 electionePrae-

241 4002 340 4088 positi
357 4011 407 4067 est
426 4005 600 4090 agendum)
622 4014 654 4068 et
679 4004 864 4090 praecipere,
882 4014 921 4068 ut
942 4003 1149 4090 provincialis
1170 4003 1268 4068 etiam

243 4117 448 4202 congregatio
479 4129 684 4198 convocetur,
714 4118 789 4182 eum
818 4117 968 4202 expedire
1000 4116 1207 4202 judicaverit,
1237 4127 1269 4180 et
