2646 4732
116 331 177 390 124
495 344 822 390 cousmrumouuu

178 513 224 577 eis
239 523 347 597 potest
364 512 525 576 accedere.
569 512 656 576 Talis
679 522 729 576 est
745 511 889 576 Societas
910 512 1068 597 professa,
1084 533 1160 597 quae
1174 514 1211 578 in

178 625 332 711 collegiis
359 647 414 690 eos
437 625 656 690 instituendos
680 625 806 689 curabit
831 625 867 688 in
896 625 1094 711 perfectione
1121 625 1210 707 vitae,

176 736 358 822 litterisque
374 736 560 801 Christiano
583 736 702 822 dignis,
717 737 774 822 qui
796 737 956 800 talentum
978 736 1077 801 adid
1098 737 1207 802 sortiti

176 871 246 914 esse
260 849 469 914 videbuntur.
516 849 563 913 Hi
578 849 664 914 enim
682 871 742 934 pro
766 849 938 914 seminario
954 849 1109 914 Societati
1131 872 1208 936 pro-

178 962 284 1041 fessae‚
300 972 332 1026 et
347 961 418 1046 ejus
434 961 686 1046 Coadjutoribus
701 973 819 1041 erunt,
845 971 888 1041 et,
904 961 932 1025 si
954 983 1030 1026 cum
1053 961 1208 1048 Collegiis

177 1074 414 1140 Universitates
437 1074 533 1139 etiam
557 1097 642 1138 curae
674 1075 843 1140 Societatis
873 1075 1055 1139 commissae
1075 1075 1209 1156 fuerint,

177 1186 347 1251 observato
361 1186 417 1251 illo
433 1188 530 1251 modo
544 1187 753 1272 procedendi,
769 1187 809 1250 de
833 1209 897 1270 quo
920 1187 955 1249 in
978 1198 1093 1270 quarta
1115 1198 1208 1272 parte

177 1299 301 1363 dictum
317 1310 378 1378 est,
394 1300 435 1364 ad
450 1300 551 1363 finem
566 1300 707 1364 eundem
724 1299 900 1384 juvabunt.

132 1418 150 1473 5
177 1410 263 1476 Quia
277 1421 451 1495 paupertas
466 1433 526 1496 pro
540 1411 625 1475 vallo
640 1410 825 1475 firmissimo
848 1420 897 1474 est
914 1409 1153 1495 Religionibus,
1168 1423 1206 1476 ut

175 1543 229 1585 eas
244 1521 279 1584 in
295 1533 383 1585 statu
398 1544 458 1586 suo
473 1532 506 1586 et
521 1522 692 1607 disciplina
706 1532 885 1600 conservet,
901 1532 934 1586 et
949 1522 967 1585 i
982 1522 1206 1608 compluribus

142 1659 144 1664 ·
174 1634 325 1699 hostibus
351 1635 503 1699 defendat
536 1636 635 1719 (unde
665 1636 763 1699 etiam
792 1636 933 1699 Daemon
963 1633 1098 1699 enititur
1123 1635 1207 1700 illud

174 1746 270 1810 variis
284 1747 465 1811 rationibus
480 1747 633 1830 evertere)
650 1747 748 1811 refert
769 1746 948 1832 plurimum
970 1748 1012 1811 ad
1033 1768 1207 1814 conserva-

174 1858 297 1923 tionem
312 1871 345 1923 et
360 1867 574 1945 augmentum
588 1859 690 1924 totius
710 1859 808 1944 hujus
831 1859 984 1944 corporis,
1006 1859 1123 1944 procul
1146 1862 1202 1924 ad-

174 1972 309 2036 modum
324 1993 454 2036 omnem
470 1970 610 2036 avaritiae
626 1971 767 2057 speciem
788 1970 952 2055 ablegasse
962 1996 973 2050 ;
1002 1971 1111 2035 nullos
1133 1974 1206 2037 red·

175 2083 274 2162 ditus,
304 2083 355 2147 vel
391 2083 623 2169 possessiones,
652 2082 704 2147 vel
740 2082 902 2168 stipendia
930 2103 990 2166 pro
1020 2082 1112 2147 verbi
1142 2083 1207 2148 Dei

175 2196 416 2280 praedieatione,
431 2206 488 2260 aut
502 2195 651 2274 lectione,
674 2206 731 2258 aut
752 2194 872 2273 missis,
894 2204 951 2258 aut
972 2193 1206 2259 administrati-

171 2329 234 2370 one
250 2318 537 2386 sacramentorum‚
559 2317 617 2371 aut
632 2307 765 2370 demum
780 2305 878 2371 rebus
894 2305 1094 2389 quibuslibet
1110 2307 1206 2393 spiri-

172 2419 316 2483 tualibus
334 2422 384 2503 (nt
404 2430 454 2484 est
475 2419 510 2501 in
533 2426 624 2484 sexta
645 2430 736 2505 parte
760 2418 895 2501 dictum)
914 2418 1129 2499 admittendo,
1143 2442 1205 2484 nec

173 2531 216 2594 ad
231 2553 323 2595 suam
337 2531 512 2596 utilitatem
526 2531 673 2596 redditus
690 2530 909 2616 collegiorum
924 2529 1130 2615 applicando.

128 2648 149 2704 6
172 2640 246 2706 Erit
261 2642 359 2706 etiam
375 2644 496 2707 summi
510 2642 678 2722 momenti,
693 2653 731 2706 ut
745 2653 904 2727 perpetuo
926 2641 1015 2706 foelix
1030 2642 1204 2708 societatis

171 2761 276 2818 status
300 2768 520 2835 conservetur,
544 2755 790 2841 diligentissimi
814 2756 1023 2834 ambitionem,
1048 2758 1204 2820 mulorum

172 2867 308 2929 omnium
330 2866 366 2930 in
396 2867 509 2951 quavis
539 2866 668 2953 Repub.
697 2866 750 2930 vel
775 2865 1025 2951 congregatione
1051 2874 1202 2947 matrem,

171 2975 373 3057 submovere,
400 3000 437 3042 ac
461 2978 586 3042 aditum
612 2978 654 3042 ad
677 2977 881 3063 dignitatem,
900 2976 952 3042 vel
977 2976 1203 3061 praelationem
1231 3035 1245 3043 ,.

170 3088 272 3152 ullam
287 3089 408 3154 directe
422 3090 474 3154 vel
488 3088 645 3155 indirecte
660 3090 868 3180 quaerendam
882 3087 918 3151 in
934 3087 1095 3153 Societate
1118 3111 1203 3174 prae-

170 3202 311 3266 clndere.
357 3202 456 3267 Quod
471 3209 509 3266 ut
523 3202 591 3281 fiat,
607 3223 720 3266 omnes
736 3200 878 3266 Professi
900 3222 934 3264 se
956 3198 1040 3264 nihil
1053 3221 1202 3285 unquam

169 3314 297 3377 adeam
313 3312 524 3378 obtinendam
540 3323 680 3392 acturos,
696 3323 729 3377 et
743 3334 825 3398 quos
848 3333 942 3398 agere
964 3310 1202 3376 animadverte-

168 3424 246 3503 rint,
266 3426 440 3504 delaturos,
461 3426 534 3490 Deo
553 3448 590 3490 ac
609 3424 755 3490 Domino
774 3435 887 3489 nostro
909 3430 1069 3490 voveant:
1094 3434 1129 3488 et
1149 3423 1201 3488 in-

168 3559 303 3624 capaces
319 3561 356 3603 ac
371 3538 530 3603 inhabiles
546 3539 587 3603 ad
608 3538 831 3624 praelationem
846 3536 995 3623 quamvis
1016 3536 1202 3602 habeantur

167 3649 201 3727 ii,
232 3650 272 3713 de
302 3649 422 3735 quibus
451 3650 582 3734 probari
620 3661 743 3735 posset,
773 3649 864 3735 quod
892 3670 964 3713 eam
994 3646 1198 3713 ambiissent.

169 3760 365 3825 Promittant
393 3761 490 3825 etiam
520 3762 592 3826 Deo
623 3783 660 3847 ac
689 3761 834 3827 Domino
864 3767 975 3824 nostro
1001 3759 1045 3823 ad
1073 3759 1200 3824 nullam

168 3872 266 3935 etiam
296 3882 387 3936 extra
423 3871 618 3937 Societatem
654 3872 888 3959 praelationem,
916 3872 968 3937 vel
1005 3870 1201 3957 dignitatem

167 3983 378 4050 obtinendam
394 4006 427 4050 se
443 3985 617 4071 quicquam
632 3996 771 4065 acturos,
786 4008 847 4050 nec
869 3986 911 4050 ad
933 3985 984 4049 sui
1005 3983 1200 4050 electionem

166 4095 209 4158 ad
223 4095 411 4181 hujusmodi
425 4118 556 4178 munus,
572 4096 750 4184 quoadejus
765 4098 835 4163 fieri
854 4097 985 4183 poterit,
999 4117 1200 4162 consensum
