2646 4732
491 371 816 416 cousrlrU'rroNUM

179 541 311 606 habebit
321 567 330 621 3
355 552 392 605 ut
413 541 515 625 magis
538 551 727 626 perspectus
746 540 789 603 sit
811 539 897 618 ante,
913 538 1009 623 quarn
1025 561 1097 603 eam
1112 539 1207 610 emite

179 666 237 719 tat.
282 654 327 718 Et
349 653 515 738 prorogari
532 653 595 717 hoc
622 663 751 738 tempus
773 651 894 736 poterit
918 652 1023 735 (utin
1046 652 1206 716 Examina

180 768 304 832 dietum
319 767 380 848 est)
398 764 473 829 clun
489 765 645 842 Societas,
660 764 712 828 vel
727 763 783 848 qui
803 764 844 827 ab
859 784 897 828 ea
911 765 995 828 hanc
1010 765 1045 829 in
1061 765 1206 830 Domino

179 901 290 943 curam
305 877 414 957 habet,
428 875 556 962 plenius
573 876 634 940 sibi
650 875 798 939 satisfieri
813 875 1018 940 desideraret.

207 1173 351 1222 QUALES
369 1172 453 1215 ESSE
471 1171 657 1229 DEBEANT,
673 1170 738 1218 QUI
756 1170 990 1213 ADMITTENDI
1009 1171 1114 1215 SUNT.

140 1409 153 1462 1
181 1400 265 1464 Con
282 1399 371 1463 nullo
387 1421 426 1462 ex
441 1398 493 1461 his
507 1397 613 1461 modis
628 1395 756 1460 admitti
771 1396 897 1475 debeat,
913 1396 975 1460 nisi
990 1396 1047 1480 qui
1068 1397 1204 1462 idoneus

180 1511 214 1574 in
240 1510 383 1574 Domino
412 1509 510 1573 fuerit
546 1508 773 1587 existimatus3
812 1507 865 1570 llli
902 1507 943 1571 ad
972 1508 1204 1593 professionem

179 1620 287 1685 idonei
302 1620 519 1699 habebuntur,
531 1640 670 1704 quorum
684 1619 751 1684 vita
765 1617 927 1682 diuturnis
942 1640 979 1682 ac
995 1617 1203 1705 diligentibus

179 1731 425 1818 probationibus
449 1753 468 1795 a
493 1730 671 1816 Praeposito
693 1730 845 1794 Generali
871 1730 924 1814 (ad
946 1752 1043 1814 quem
1065 1733 1205 1796 referent

180 1845 389 1930 particulares
420 1841 601 1929 Praepositi,
630 1843 682 1908 vel
719 1842 783 1921 alii,
813 1864 952 1926 quorum
981 1842 1203 1908 testimonium

181 1955 350 2020 Generalis
364 1954 515 2038 requiret)
529 1965 699 2040 perspecta
712 1952 805 2019 valde
820 1954 998 2040 approbata
1008 1954 1116 2018 firerit.
1152 1955 1204 2018 Ad

180 2070 243 2132 hoc
267 2079 376 2132 autem
401 2067 544 2130 conferet
568 2066 643 2145 illis,
669 2066 726 2150 qui
749 2066 791 2129 ad
817 2065 925 2129 studia
946 2065 1036 2129 missi
1061 2067 1204 2146 fuerunt,

140 2189 151 2201 ”
180 2180 328 2245 absoluta
344 2179 415 2264 jam
429 2199 467 2242 ea
482 2198 559 2242 cura
581 2189 613 2241 et
636 2177 813 2263 diligentia,
828 2199 901 2262 quae
924 2177 966 2241 ad
991 2179 1204 2243 excolendum

179 2290 380 2357 intellectum
403 2290 547 2354 adhibita
565 2290 673 2370 fuerit,
691 2289 814 2354 ultimae
837 2289 1037 2376 probationis
1059 2302 1204 2377 tempore

180 2404 214 2468 in
242 2404 352 2468 schola
376 2402 510 2466 affectus
541 2401 728 2486 diligentius
752 2424 786 2466 se
810 2422 967 2481 exercere,
992 2414 1026 2466 et
1049 2402 1084 2466 in
1107 2403 1204 2467 rebus

181 2512 414 2601 spiritualibus,
436 2521 469 2578 et
489 2513 719 2599 corporalibus,
741 2535 814 2598 quae
836 2515 878 2578 ad
896 2515 1078 2601 profectum
1093 2516 1129 2578 in
1143 2518 1204 2580 hu-

180 2628 316 2690 militate
331 2637 364 2690 et
379 2624 592 2710 abnegatione
607 2625 748 2690 universi
769 2626 885 2690 amoris
907 2627 1075 2706 sensualis,
1097 2630 1204 2691 volan-

182 2741 270 2819 tatta,
291 2745 322 2803 et
343 2737 462 2821 jadau·
488 2740 627 2820 proprii,
649 2750 682 2802 et
703 2739 744 2802 ad
762 2738 915 2824 majorem
938 2739 1156 2825 cognitionem
1172 2752 1204 2804 et

181 2872 323 2915 amorem
348 2849 412 2914 Dei
443 2850 624 2926 conferunt,
653 2849 820 2930 insistere3
858 2858 895 2914 ut
925 2851 999 2915 cum
1028 2851 1062 2914 in
1090 2851 1204 2938 seipsis
1248 2853 1249 2858 ’

180 2961 386 3048 profecerint,
394 2961 510 3024 melius
525 2961 567 3024 ad
581 2961 762 3046 profectum
775 2962 907 3047 spiritus
922 2960 1001 3026 alios
1013 2963 1054 3026 ad
1069 2963 1204 3048 gloriam

182 3075 245 3138 Dei
260 3084 292 3138 et
307 3073 443 3138 Domini
457 3072 560 3137 nostri
576 3072 703 3158 juvent.

138 3196 157 3251 2
181 3187 340 3252 Doctrina
360 3187 456 3250 etiam
477 3185 511 3249 in
533 3184 720 3270 hujusmodi
743 3186 904 3250 sufficiens
925 3208 995 3250 esse
1010 3186 1152 3267 debebit,
1168 3209 1205 3251 ac

180 3311 298 3386 praeter
315 3297 521 3361 humaniores
544 3296 678 3376 litteras,
698 3308 732 3361 et
752 3299 850 3361 Artes
871 3297 1029 3378 liberales,
1051 3298 1150 3362 etiam
1170 3299 1205 3362 in

180 3410 357 3496 Theologia
373 3409 571 3475 Scholastica
585 3420 618 3473 et
636 3409 734 3473 saeris
755 3407 871 3474 litteris
894 3410 971 3474 satis
993 3411 1112 3475 versati
1134 3434 1205 3476 esse

181 3523 356 3588 debebunt.
400 3522 446 3585 Et
480 3519 616 3605 quanvis
653 3522 753 3606 aliqui
788 3521 925 3586 breviori
961 3533 1107 3609 tempore
1138 3547 1205 3588 non

180 3635 337 3700 minorem
352 3654 570 3719 progressum,
585 3634 682 3717 quam
697 3633 751 3696 alii
768 3633 917 3719 longiori,
931 3634 1035 3698 facere
1050 3643 1188 3720 possent
1196 3663 1207 3716 3

181 3744 402 3824 nihilominus,
432 3756 470 3808 ut
506 3745 687 3809 communis
725 3745 832 3829 aliqua
865 3766 1018 3810 mensura
1047 3759 1208 3827 sumatur,

182 3858 323 3942 spatium
339 3856 470 3942 aliquod
485 3856 640 3943 temporis
654 3857 892 3943 praescribetur,
907 3870 940 3922 et
961 3859 1024 3922 hoc
1039 3857 1110 3938 erit,
1125 3880 1208 3943 qua-

182 3970 365 4034 driennium
380 3971 543 4056 integrum
563 3977 638 4056 post
655 3969 786 4033 Artium
807 3969 987 4035 liberalium
1010 3982 1042 4034 et
1058 3969 1208 4035 Philoso-

180 4082 267 4167 phiae
287 4082 394 4148 studia
417 4083 452 4148 in
473 4081 650 4168 Theologia
669 4080 857 4167 explevisse.
903 4083 951 4147 Ut
971 4104 1048 4166 ergo
1068 4082 1110 4146 ad
1129 4105 1208 4167 pro-
