2646 4732
528 371 620 416 psas
645 373 800 418 ocrAvn.
1146 363 1185 419 95

160 536 225 600 Dei
254 538 456 602 voluntatem
486 541 747 605 commodissima
781 542 940 621 videatur,
970 543 1128 627 explicare
1158 551 1191 607 et

162 650 369 715 constituere.

377 1035 442 1082 oui
461 1035 636 1076 nsaanrvr
653 1034 906 1078 concausam.

548 1154 646 1218 CAP.
673 1155 739 1219 ΙΙΙ.

128 1293 141 1346 l
165 1287 245 1350 Norv
269 1310 394 1369 omnes,
410 1289 467 1373 qui
489 1290 550 1353 sub
574 1291 770 1355 Obedientia
793 1292 963 1356 Societatis
984 1293 1109 1372 vivunt,
1131 1316 1191 1357 nec

167 1399 355 1464 Scholastici
378 1402 558 1487 approbati,
581 1404 693 1468 verum
711 1405 851 1468 Professi
874 1406 1042 1485 duntaxat,
1062 1417 1094 1469 et
1109 1428 1192 1492 prae·

165 1521 249 1577 terea
265 1514 479 1599 coadjutores
495 1516 605 1601 aliqui,
621 1520 649 1581 si
663 1518 710 1581 ita
725 1518 875 1603 expedire
896 1519 930 1581 in
946 1521 1090 1583 Domino
1105 1519 1193 1583 vide-

165 1638 259 1707 retur,
283 1635 362 1691 sunt
385 1629 427 1691 ad
448 1628 743 1714 Congregationem
766 1632 949 1715 generalem
973 1630 1172 1695 convocandi
1184 1656 1193 1709 3

165 1751 195 1803 et
224 1741 356 1824 quidem
387 1764 426 1805 ex
452 1743 504 1806 his
533 1765 601 1807 non
631 1743 695 1806 nisi
725 1745 894 1808 commode
924 1745 1033 1809 venire
1061 1755 1192 1830 queant.

167 1851 240 1916 Nou
255 1852 366 1938 itaque
388 1854 510 1918 infirmi
533 1877 570 1919 ac
593 1856 829 1935 valetudinarii,
845 1879 904 1920 nec
924 1857 980 1941 qui
998 1858 1033 1920 in
1053 1856 1194 1941 regioni-

164 1963 222 2028 bus
243 1965 469 2031 remotissimis
492 1979 605 2052 agunt,
629 1976 667 2031 ut
689 1968 723 2031 in
741 1968 866 2048 Indiis3
890 1970 948 2032 sed
971 1968 1112 2046 necilli,
1136 1968 1192 2051 qui

163 2079 380 2161 praemanibus
396 2079 528 2164 negotia
541 2080 664 2144 habent
679 2081 790 2166 magni
805 2080 973 2159 momenti,
985 2103 1058 2165 quae
1070 2079 1192 2163 absque

163 2191 249 2276 gravi
264 2191 483 2273 incommodo,
499 2193 602 2257 deseri
617 2216 684 2257 non
699 2204 851 2278 possunt,
867 2193 1071 2258 convenient.

165 2303 321 2368 Pendebit
348 2315 457 2368 autem
490 2306 553 2369 hoe
587 2328 626 2369 ex
654 2305 780 2390 judicio
810 2304 979 2390 Praepositi
1012 2303 1192 2382 Generalis,

164 2416 189 2479 si
223 2417 252 2481 is
290 2426 488 2482 conventum
522 2418 685 2498 indixerit,
723 2419 774 2483 vel
811 2440 934 2498 eorum,
972 2417 1029 2503 qui
1055 2438 1190 2501 congre-

164 2529 228 2614 gati
264 2531 300 2593 in
339 2530 476 2615 singulis
515 2530 692 2595 Provinciis
731 2531 862 2610 fuerint,
893 2541 930 2594 ut
967 2541 1121 2595 venturos
1152 2529 1193 2593 ad

163 2642 344 2725 generalem
366 2655 564 2707 conventum
588 2643 719 2728 eligant.
765 2643 887 2706 Verum
911 2654 949 2705 ut
974 2654 1061 2706 certa
1087 2642 1195 2726 aliqua

163 2756 242 2820 ratio
256 2757 293 2821 in
307 2757 369 2820 hac
385 2758 635 2842 congregatione
659 2758 805 2842 cogenda
827 2757 1074 2842 praescribatur3
1108 2756 1193 2821 Cum

163 2880 343 2934 conventus
359 2869 574 2934 celebrabitur
593 2870 634 2932 ad
657 2869 843 2953 eligendum
860 2869 1065 2948 Generalem,
1080 2879 1138 2932 aut
1153 2869 1194 2932 ad

164 2981 408 3046 deliberandum
424 2983 463 3045 de
478 2981 529 3061 iis,
546 3004 618 3065 quae
635 2982 676 3044 ad
694 2981 887 3045 Generalem
903 2981 1013 3065 ipsum
1029 2991 1193 3064 spectant3

163 3094 245 3157 terni
260 3117 300 3157 ex
317 3094 453 3178 singulis
470 3094 647 3158 Provinciis
663 3094 805 3172 veniant,
822 3084 1030 3158 Provincialis
1045 3091 1195 3154 videlicet

165 3207 362 3292 Praepositus
378 3229 453 3270 curn
469 3207 597 3271 duobus
614 3206 695 3286 aliis,
711 3206 768 3290 qui
782 3206 904 3270 suerint
919 3205 960 3269 ad
982 3205 1044 3267 hoc
1066 3203 1194 3287 negoti-

163 3342 217 3384 um
247 3321 283 3384 in
309 3320 569 3405 Congregatione
599 3318 790 3404 provinciali
816 3319 927 3382 electi:
962 3339 1035 3403 quae
1062 3315 1194 3399 quidem

164 3431 382 3518 Congregatio
408 3432 442 3495 in
474 3430 611 3516 singulis
637 3430 814 3494 Provinciis
842 3442 916 3494 ante
944 3428 1126 3515 generalem
1151 3427 1194 3491 ad

164 3544 249 3608 hunc
264 3545 365 3608 finem
381 3555 525 3630 cogetur.
571 3542 775 3608 Convenient
791 3554 900 3606 autem
920 3554 953 3605 et
976 3539 1119 3624 suffragii
1136 3538 1193 3623 jus

164 3655 331 3720 habebunt
352 3656 385 3719 in
408 3679 446 3720 ea
461 3656 602 3720 Professi
624 3677 737 3720 omnes
753 3654 943 3733 Provinciae,
959 3653 1015 3737 qui
1037 3652 1192 3715 interesse

165 3779 329 3852 poterunt,
353 3769 525 3855 Praepositi
540 3769 723 3833 Domorum
746 3780 844 3852 atque
861 3765 1092 3849 Collegiorum,
1108 3764 1192 3826 Rec-

167 3891 259 3960 tores,
275 3903 313 3944 ac
330 3881 571 3961 Procuratores,
586 3881 638 3947 vel
659 3882 692 3960 ii,
708 3903 790 3965 quos
812 3891 968 3963 tanquam
990 3876 1125 3941 vicarios
1147 3875 1194 3939 illi

169 4013 223 4058 suo
238 3993 371 4058 nomine
386 3993 544 4058 miserint.
590 3994 676 4059 Cirrn
692 4003 871 4058 conventus
887 3990 929 4053 ad
942 4012 994 4053 res
1016 3989 1094 4052 alias
1109 3987 1193 4052 indi-

170 4117 313 4186 ceretur3
354 4107 552 4191 Praepositus
590 4105 799 4171 Provincialis
838 4104 906 4168 sine
944 4100 1193 4187 congregatione

1193 4384 1301 4448 Α
