2646 4732
483 352 807 398 CONS'H'PU'I‘IONUM

105 571 108 574 <
176 518 279 586 minas
303 540 369 583 non
399 519 524 604 ingredi
553 521 666 584 domos
695 530 833 599 nostrae,
863 541 923 582 nec
954 519 1109 605 Collegia,
1139 521 1197 587 sed

176 641 303 695 tantum
319 630 479 710 ecclesias,
494 643 526 695 et
549 654 637 696 arma
658 632 747 695 nulla
769 653 829 695 nec
851 631 1068 695 instrumenta
1086 654 1196 695 rerum

175 765 329 808 vanarum
352 743 439 806 domi
458 744 590 822 haberi3
616 744 674 807 sed
693 756 821 807 tantum
847 765 895 822 ea,
918 765 990 827 quae
1011 744 1135 807 faciunt
1156 746 1197 808 ad

176 855 274 918 finem
297 854 388 918 illum
410 855 509 918 divini
531 855 650 919 servitii
673 867 705 920 et
725 855 842 934 laudis,
857 877 954 939 quern
976 855 1037 918 sibi
1057 856 1196 940 praefixit

177 966 331 1032 Societas.

115 1086 151 1142 15
178 1079 218 1142 In
234 1080 484 1143 correctionibus
499 1091 532 1143 et
552 1081 750 1165 poenitentiis
769 1079 978 1165 injungendis
1001 1080 1058 1163 qui
1078 1080 1197 1144 modus

176 1193 278 1256 teneri
300 1193 426 1272 debeat,
449 1193 602 1278 prudenti
628 1193 776 1257 charitati
801 1192 992 1277 Superioris,
1013 1204 1045 1256 et
1074 1215 1197 1271 eorum,

177 1326 258 1387 quos
274 1303 335 1367 sibi
351 1303 564 1383 substituerit,
583 1304 803 1388 relinquetur3
833 1303 889 1387 qui
912 1303 944 1366 in
972 1303 1017 1366 eis
1037 1303 1197 1367 rationem

177 1415 344 1479 habebunt
360 1415 578 1500 dispositionis
593 1437 814 1501 personarum,
829 1426 862 1478 et
884 1414 1106 1478 aedificationis
1124 1414 1198 1477 uni·

177 1527 307 1592 versalia
332 1538 364 1591 et
386 1527 587 1613 particularis
614 1550 723 1591 earum
749 1527 790 1590 ad
816 1526 950 1612 gloriam
974 1527 1047 1590 Dei.
1092 1527 1198 1591 Poeni-

177 1641 294 1704 tentias
314 1662 388 1704 vero
408 1639 594 1726 hujusmodi
614 1651 767 1724 prompte
791 1638 956 1703 voluntate
980 1638 1115 1723 quisque
1143 1639 1200 1702 ad-

177 1753 303 1817 mittere
334 1754 464 1819 deberet
494 1775 569 1818 eum
598 1775 673 1816 vero
703 1751 936 1815 emendationis
966 1759 999 1816 et
1024 1751 1199 1836 spiritualis

178 1867 341 1949 profectus
365 1864 543 1944 desideri03
574 1865 671 1928 etiam
701 1863 728 1927 si
757 1874 890 1948 propter
916 1864 1078 1927 defectum
1104 1864 1200 1949 culpa

178 1988 346 2040 vacantem
360 1976 617 2062 injungerentur.

117 2094 156 2151 16
180 2087 353 2174 Syndicus,
382 2088 434 2153 vel
462 2111 576 2152 censor
612 2088 700 2152 domi
737 2087 977 2151 constituatur-t
1015 2087 1109 2172 cujus
1140 2088 1201 2151 erit

177 2201 328 2280 officium,
349 2200 516 2265 observare
535 2201 570 2264 in
597 2200 747 2264 omnibus
767 2200 855 2284 quod
877 2200 918 2262 ad
944 2200 1147 2262 honestatem
1167 2211 1201 2263 et

179 2313 358 2377 decentiam
377 2325 542 2377 externam
561 2312 712 2398 pertinet,
733 2311 900 2376 ecclesiam
920 2322 952 2375 et
973 2312 1105 2375 domum
1127 2334 1202 2396 per-

178 2424 357 2502 lustrand0,
381 2435 414 2487 et
440 2424 546 2508 siquid
567 2446 634 2488 non
658 2424 839 2502 conveniat,
862 2423 1057 2501 adnotando,
1084 2435 1117 2487 et
1139 2423 1202 2487 Su-

179 2535 295 2619 periori
312 2535 488 2615 referendo,
512 2534 563 2599 vel
587 2535 736 2614 eundem,
760 2534 816 2619 qui
840 2546 934 2614 errat,
954 2535 1202 2599 commonefaci-

180 2647 288 2710 endo:
323 2646 350 2710 si
379 2646 413 2710 id
441 2646 603 2710 facultatis
633 2646 673 2725 ei,
703 2653 740 2709 ut
769 2645 881 2711 utilius
910 2648 944 2709 in
972 2646 1114 2710 Domino
1141 2669 1201 2711 suo

178 2759 334 2844 fungatur
349 2759 464 2839 officio,
479 2758 649 2824 tribuetur.

118 2871 157 2946 17
181 2869 306 2934 Curent
321 2893 432 2936 omnes
448 2893 488 2935 ex
505 2872 627 2936 morbis
648 2871 802 2957 corporis,
817 2871 891 2936 cinn
914 2870 1099 2950 acciderint,
1114 2871 1202 2934 fruc-

180 2990 251 3045 tum
281 2981 420 3066 aliquem
450 3004 562 3067 capere
589 3006 655 3047 non
680 2983 784 3047 solirm
815 2983 856 3046 ad
886 3004 988 3061 suam,
1019 2982 1077 3046 sed
1102 2982 1201 3045 etiam

181 3094 314 3158 aliorum
340 3094 595 3175 aedificationem,
633 3118 699 3160 non
733 3095 938 3180 impatientes
972 3105 1028 3158 aut
1056 3116 1202 3158 morosos

181 3228 215 3269 se
245 3205 435 3287 exhibend0,
463 3209 520 3278 sed
554 3208 662 3293 potius
694 3205 883 3292 patientiam
913 3227 1020 3269 veram
1050 3205 1200 3269 habendo

180 3317 327 3400 interius,
357 3331 389 3382 et
419 3320 558 3384 exterius
587 3341 654 3404 prae
686 3341 719 3382 se
745 3319 888 3397 ferendo,
919 3341 956 3382 ac
986 3317 1201 3381 obedientiam

181 3431 315 3511 medicO,
331 3439 363 3495 et
377 3432 578 3497 infirmorum
594 3431 745 3516 praesecto
760 3431 955 3516 praestando,
970 3429 1076 3494 verbis
1091 3429 1154 3514 piis
1170 3440 1203 3493 et

181 3542 425 3607 aedificationem
446 3543 639 3607 facientibus
660 3542 794 3622 utendo,
817 3564 890 3626 quae
914 3541 1087 3605 ostendant
1109 3541 1205 3626 aegri-

185 3656 331 3720 tudinem
346 3664 385 3720 nt
399 3657 522 3719 donum
537 3656 577 3719 de
592 3678 691 3719 manu
707 3655 869 3721 Creatoris
891 3676 929 3718 ac
944 3653 1078 3717 Domini
1100 3653 1205 3717 nostri

178 3767 451 3851 (quandoquidem
466 3789 531 3830 non
547 3767 679 3832 inferius
694 3778 743 3830 est
759 3766 906 3849 sanitate)
924 3764 1062 3829 admitti.

121 3885 160 3943 18
185 3878 276 3943 Idem
303 3879 475 3964 sapiamuS,
502 3879 598 3958 idem,
625 3877 801 3964 quoadejns
824 3878 893 3942 fieri
918 3878 1033 3963 possit,
1058 3876 1205 3940 dicamus

184 4012 306 4068 omnes,
332 3989 427 4074 juxta
452 3989 657 4076 Apostolum.
701 3992 860 4054 Doctrina
885 3992 985 4073 iqitur
1008 3990 1205 4052 dissonantes

185 4124 245 4177 non
271 4104 480 4169 admittantur
502 4123 558 4168 aec
580 4103 671 4167 verbo
697 4105 731 4167 ia
756 4103 951 4168 concionibus
974 4101 1121 4183 publicis,
1148 4121 1206 4165 aec
