<?xml version="1.0" encoding="UTF-8"?>
<!DOCTYPE html PUBLIC "-//W3C//DTD XHTML 1.0 Transitional//EN"
    "http://www.w3.org/TR/xhtml1/DTD/xhtml1-transitional.dtd">
<html xmlns="http://www.w3.org/1999/xhtml" xml:lang="en" lang="en">
 <head>
  <title>
</title>
<meta http-equiv="Content-Type" content="text/html;charset=utf-8" />
  <meta name='ocr-system' content='tesseract 3.04.00' />
  <meta name='ocr-capabilities' content='ocr_page ocr_carea ocr_par ocr_line ocrx_word'/>
</head>
<body>
  <div class='ocr_page' id='page_1' title='image "./constitutioness00unkngoog_0076.png"; bbox 0 0 2646 4732; ppageno 0'>
   <div class='ocr_carea' id='block_1_1' title="bbox 365 675 911 792">
    <p class='ocr_par' dir='ltr' id='par_1_1' title="bbox 365 675 911 792">
     <span class='ocr_line' id='line_1_1' title="bbox 365 675 911 792; baseline 0.011 -24"><span class='ocrx_word' id='word_1_1' title='bbox 365 675 658 780; x_wconf 78' lang='lat' dir='ltr'><strong>QUINTA</strong></span> <span class='ocrx_word' id='word_1_2' title='bbox 705 678 911 792; x_wconf 86' lang='lat' dir='ltr'><strong>PARS;</strong></span> 
     </span>
    </p>
   </div>
   <div class='ocr_carea' id='block_1_2' title="bbox 131 864 1153 953">
    <p class='ocr_par' dir='ltr' id='par_1_2' title="bbox 131 864 1153 953">
     <span class='ocr_line' id='line_1_2' title="bbox 131 864 1153 953; baseline 0.008 -25"><span class='ocrx_word' id='word_1_3' title='bbox 131 864 165 928; x_wconf 83' lang='lat' dir='ltr'>de</span> <span class='ocrx_word' id='word_1_4' title='bbox 178 867 230 945; x_wconf 79' lang='lat' dir='ltr'>iis,</span> <span class='ocrx_word' id='word_1_5' title='bbox 246 887 312 948; x_wconf 78' lang='lat' dir='ltr'>qne</span> <span class='ocrx_word' id='word_1_6' title='bbox 327 869 372 931; x_wconf 86' lang='lat' dir='ltr'>ad</span> <span class='ocrx_word' id='word_1_7' title='bbox 385 869 610 933; x_wconf 80' lang='lat' dir='ltr'>admittendum</span> <span class='ocrx_word' id='word_1_8' title='bbox 625 872 659 933; x_wconf 82' lang='lat' dir='ltr'>ia</span> <span class='ocrx_word' id='word_1_9' title='bbox 674 891 787 953; x_wconf 82' lang='lat' dir='ltr'>eorpus</span> <span class='ocrx_word' id='word_1_10' title='bbox 803 872 972 936; x_wconf 72' lang='lat' dir='ltr'>societatis</span> <span class='ocrx_word' id='word_1_11' title='bbox 984 874 1153 953; x_wconf 75' lang='lat' dir='ltr'><em>pertinent.</em></span> 
     </span>
    </p>
   </div>
   <div class='ocr_carea' id='block_1_3' title="bbox 199 1213 1076 1370">
    <p class='ocr_par' dir='ltr' id='par_1_3' title="bbox 199 1213 1076 1370">
     <span class='ocr_line' id='line_1_3' title="bbox 199 1213 1076 1274; baseline 0.008 -20"><span class='ocrx_word' id='word_1_12' title='bbox 199 1213 245 1255; x_wconf 83' lang='lat' dir='ltr'>DE</span> <span class='ocrx_word' id='word_1_13' title='bbox 263 1214 503 1274; x_wconf 74' lang='lat' dir='ltr'>Anmsstonn,</span> <span class='ocrx_word' id='word_1_14' title='bbox 520 1216 566 1258; x_wconf 77' lang='lat' dir='ltr'>m·</span> <span class='ocrx_word' id='word_1_15' title='bbox 583 1215 679 1274; x_wconf 75' lang='lat' dir='ltr'>ovis,</span> <span class='ocrx_word' id='word_1_16' title='bbox 696 1217 741 1259; x_wconf 82' lang='grc' dir='ltr'>ΕΤ</span> <span class='ocrx_word' id='word_1_17' title='bbox 758 1217 912 1264; x_wconf 78' lang='lat' dir='ltr'>QUANDO</span> <span class='ocrx_word' id='word_1_18' title='bbox 929 1218 1076 1261; x_wconf 81' lang='grc' dir='ltr'><strong>ΒΕΒΕΑΤ</strong></span> 
     </span>
     <span class='ocr_line' id='line_1_4' title="bbox 518 1327 751 1370; baseline 0.009 -2"><span class='ocrx_word' id='word_1_19' title='bbox 518 1327 751 1370; x_wconf 80' lang='lat' dir='ltr'><strong>ADMITTERE.</strong></span> 
     </span>
    </p>
   </div>
   <div class='ocr_carea' id='block_1_4' title="bbox 571 1442 721 1507">
    <p class='ocr_par' dir='ltr' id='par_1_4' title="bbox 571 1442 721 1507">
     <span class='ocr_line' id='line_1_5' title="bbox 571 1442 721 1507; baseline -0.013 0"><span class='ocrx_word' id='word_1_20' title='bbox 571 1442 669 1507; x_wconf 86' lang='lat' dir='ltr'><strong>CAP.</strong></span> <span class='ocrx_word' id='word_1_21' title='bbox 693 1443 721 1506; x_wconf 93' lang='grc' dir='ltr'>Ι.</span> 
     </span>
    </p>
   </div>
   <div class='ocr_carea' id='block_1_5' title="bbox 139 1576 1192 4131">
    <p class='ocr_par' dir='ltr' id='par_1_5' title="bbox 165 1576 1187 1826">
     <span class='ocr_line' id='line_1_6' title="bbox 259 1578 1187 1666; baseline 0.003 -24"><span class='ocrx_word' id='word_1_22' title='bbox 259 1578 311 1642; x_wconf 93' lang='lat' dir='ltr'>UI</span> <span class='ocrx_word' id='word_1_23' title='bbox 326 1579 362 1642; x_wconf 92' lang='lat' dir='ltr'>in</span> <span class='ocrx_word' id='word_1_24' title='bbox 378 1578 549 1656; x_wconf 86' lang='lat' dir='ltr'>Societate,</span> <span class='ocrx_word' id='word_1_25' title='bbox 561 1592 721 1664; x_wconf 89' lang='lat' dir='ltr'>quantum</span> <span class='ocrx_word' id='word_1_26' title='bbox 737 1580 815 1644; x_wconf 89' lang='lat' dir='ltr'>satis</span> <span class='ocrx_word' id='word_1_27' title='bbox 830 1588 890 1660; x_wconf 91' lang='lat' dir='ltr'>est,</span> <span class='ocrx_word' id='word_1_28' title='bbox 901 1580 1029 1666; x_wconf 86' lang='lat' dir='ltr'>probati</span> <span class='ocrx_word' id='word_1_29' title='bbox 1043 1581 1187 1661; x_wconf 89' lang='lat' dir='ltr'>fuerunt,</span> 
     </span>
     <span class='ocr_line' id='line_1_7' title="bbox 165 1576 1187 1826; baseline 0.004 -73"><span class='ocrx_word' id='word_1_30' title='bbox 165 1576 291 1826; x_wconf 58' lang='grc' dir='ltr'>ρει</span> <span class='ocrx_word' id='word_1_31' title='bbox 306 1690 420 1755; x_wconf 86' lang='lat' dir='ltr'>tandiu</span> <span class='ocrx_word' id='word_1_32' title='bbox 438 1702 475 1755; x_wconf 93' lang='lat' dir='ltr'>ut</span> <span class='ocrx_word' id='word_1_33' title='bbox 496 1691 649 1775; x_wconf 89' lang='lat' dir='ltr'>utrinque</span> <span class='ocrx_word' id='word_1_34' title='bbox 672 1691 809 1776; x_wconf 83' lang='lat' dir='ltr'>intelligi</span> <span class='ocrx_word' id='word_1_35' title='bbox 824 1692 894 1776; x_wconf 90' lang='lat' dir='ltr'>jam</span> <span class='ocrx_word' id='word_1_36' title='bbox 916 1692 1031 1777; x_wconf 85' lang='lat' dir='ltr'>possit,</span> <span class='ocrx_word' id='word_1_37' title='bbox 1050 1715 1130 1757; x_wconf 93' lang='lat' dir='ltr'>num</span> <span class='ocrx_word' id='word_1_38' title='bbox 1151 1694 1187 1757; x_wconf 93' lang='lat' dir='ltr'>in</span> 
     </span>
    </p>

    <p class='ocr_par' dir='ltr' id='par_1_6' title="bbox 165 1802 1190 2876">
     <span class='ocr_line' id='line_1_8' title="bbox 263 1802 1187 1889; baseline 0.002 -23"><span class='ocrx_word' id='word_1_39' title='bbox 263 1802 376 1866; x_wconf 90' lang='lat' dir='ltr'>eadem</span> <span class='ocrx_word' id='word_1_40' title='bbox 390 1824 520 1866; x_wconf 91' lang='lat' dir='ltr'>manere</span> <span class='ocrx_word' id='word_1_41' title='bbox 536 1803 577 1865; x_wconf 91' lang='lat' dir='ltr'>ad</span> <span class='ocrx_word' id='word_1_42' title='bbox 591 1802 697 1888; x_wconf 89' lang='lat' dir='ltr'>majus</span> <span class='ocrx_word' id='word_1_43' title='bbox 713 1803 777 1866; x_wconf 88' lang='lat' dir='ltr'>Dei</span> <span class='ocrx_word' id='word_1_44' title='bbox 792 1803 984 1888; x_wconf 87' lang='lat' dir='ltr'>obsequium</span> <span class='ocrx_word' id='word_1_45' title='bbox 1000 1816 1032 1869; x_wconf 92' lang='lat' dir='ltr'>et</span> <span class='ocrx_word' id='word_1_46' title='bbox 1052 1805 1187 1889; x_wconf 87' lang='lat' dir='ltr'>gloriam</span> 
     </span>
     <span class='ocr_line' id='line_1_9' title="bbox 165 1915 1187 2002; baseline 0.004 -24"><span class='ocrx_word' id='word_1_47' title='bbox 165 1915 351 1995; x_wconf 69' lang='lat' dir='ltr'>conveniat,</span> <span class='ocrx_word' id='word_1_48' title='bbox 385 1915 514 1979; x_wconf 86' lang='lat' dir='ltr'>admitti</span> <span class='ocrx_word' id='word_1_49' title='bbox 532 1915 664 1995; x_wconf 89' lang='lat' dir='ltr'>debent,</span> <span class='ocrx_word' id='word_1_50' title='bbox 686 1938 764 1995; x_wconf 89' lang='lat' dir='ltr'>non,</span> <span class='ocrx_word' id='word_1_51' title='bbox 786 1926 825 1980; x_wconf 90' lang='lat' dir='ltr'>ut</span> <span class='ocrx_word' id='word_1_52' title='bbox 846 1916 948 2002; x_wconf 88' lang='lat' dir='ltr'>prius,</span> <span class='ocrx_word' id='word_1_53' title='bbox 967 1917 1010 1980; x_wconf 94' lang='lat' dir='ltr'>ad</span> <span class='ocrx_word' id='word_1_54' title='bbox 1024 1917 1187 2001; x_wconf 88' lang='lat' dir='ltr'>probatio-</span> 
     </span>
     <span class='ocr_line' id='line_1_10' title="bbox 165 2027 1187 2112; baseline 0.002 -21"><span class='ocrx_word' id='word_1_55' title='bbox 165 2049 248 2107; x_wconf 89' lang='lat' dir='ltr'>nem,</span> <span class='ocrx_word' id='word_1_56' title='bbox 275 2029 332 2091; x_wconf 90' lang='lat' dir='ltr'>sed</span> <span class='ocrx_word' id='word_1_57' title='bbox 362 2028 459 2092; x_wconf 92' lang='lat' dir='ltr'>modo</span> <span class='ocrx_word' id='word_1_58' title='bbox 487 2027 592 2112; x_wconf 88' lang='lat' dir='ltr'>magis</span> <span class='ocrx_word' id='word_1_59' title='bbox 621 2027 760 2107; x_wconf 88' lang='lat' dir='ltr'>interno,</span> <span class='ocrx_word' id='word_1_60' title='bbox 785 2035 824 2092; x_wconf 88' lang='lat' dir='ltr'>ut</span> <span class='ocrx_word' id='word_1_61' title='bbox 852 2028 998 2092; x_wconf 89' lang='lat' dir='ltr'>membra</span> <span class='ocrx_word' id='word_1_62' title='bbox 1026 2029 1123 2092; x_wconf 87' lang='lat' dir='ltr'>unius</span> <span class='ocrx_word' id='word_1_63' title='bbox 1150 2052 1187 2093; x_wconf 91' lang='lat' dir='ltr'>ac</span> 
     </span>
     <span class='ocr_line' id='line_1_11' title="bbox 166 2137 1188 2224; baseline 0.002 -23"><span class='ocrx_word' id='word_1_64' title='bbox 166 2138 309 2223; x_wconf 91' lang='lat' dir='ltr'>ejusdem</span> <span class='ocrx_word' id='word_1_65' title='bbox 324 2138 467 2224; x_wconf 84' lang='lat' dir='ltr'>corporis</span> <span class='ocrx_word' id='word_1_66' title='bbox 485 2137 664 2203; x_wconf 87' lang='lat' dir='ltr'>Societatis.</span> <span class='ocrx_word' id='word_1_67' title='bbox 711 2138 912 2224; x_wconf 88' lang='lat' dir='ltr'>Hujusmodi</span> <span class='ocrx_word' id='word_1_68' title='bbox 929 2145 1038 2201; x_wconf 90' lang='lat' dir='ltr'>autem</span> <span class='ocrx_word' id='word_1_69' title='bbox 1061 2139 1188 2203; x_wconf 88' lang='lat' dir='ltr'>suntin</span> 
     </span>
     <span class='ocr_line' id='line_1_12' title="bbox 167 2249 1188 2335; baseline 0 -21"><span class='ocrx_word' id='word_1_70' title='bbox 167 2250 286 2334; x_wconf 89' lang='lat' dir='ltr'>primis,</span> <span class='ocrx_word' id='word_1_71' title='bbox 302 2249 359 2335; x_wconf 92' lang='lat' dir='ltr'>qui</span> <span class='ocrx_word' id='word_1_72' title='bbox 374 2249 417 2314; x_wconf 92' lang='lat' dir='ltr'>ad</span> <span class='ocrx_word' id='word_1_73' title='bbox 430 2250 675 2335; x_wconf 85' lang='lat' dir='ltr'>professionem,</span> <span class='ocrx_word' id='word_1_74' title='bbox 690 2250 741 2314; x_wconf 92' lang='lat' dir='ltr'>vel</span> <span class='ocrx_word' id='word_1_75' title='bbox 755 2249 791 2313; x_wconf 93' lang='lat' dir='ltr'>in</span> <span class='ocrx_word' id='word_1_76' title='bbox 807 2249 1018 2335; x_wconf 85' lang='lat' dir='ltr'>Coadjutores</span> <span class='ocrx_word' id='word_1_77' title='bbox 1033 2250 1188 2315; x_wconf 87' lang='lat' dir='ltr'>formatos</span> 
     </span>
     <span class='ocr_line' id='line_1_13' title="bbox 168 2361 1189 2447; baseline 0.001 -22"><span class='ocrx_word' id='word_1_78' title='bbox 168 2362 390 2426; x_wconf 89' lang='lat' dir='ltr'>admittuntur.</span> <span class='ocrx_word' id='word_1_79' title='bbox 445 2362 510 2427; x_wconf 87' lang='lat' dir='ltr'>Sed</span> <span class='ocrx_word' id='word_1_80' title='bbox 546 2362 622 2447; x_wconf 92' lang='lat' dir='ltr'>quia</span> <span class='ocrx_word' id='word_1_81' title='bbox 658 2361 849 2427; x_wconf 84' lang='lat' dir='ltr'>Scholastici</span> <span class='ocrx_word' id='word_1_82' title='bbox 886 2361 1056 2447; x_wconf 90' lang='lat' dir='ltr'>approbati</span> <span class='ocrx_word' id='word_1_83' title='bbox 1092 2361 1189 2427; x_wconf 87' lang='lat' dir='ltr'>etiam</span> 
     </span>
     <span class='ocr_line' id='line_1_14' title="bbox 168 2473 1189 2560; baseline 0.001 -23"><span class='ocrx_word' id='word_1_84' title='bbox 168 2475 260 2538; x_wconf 91' lang='lat' dir='ltr'>modo</span> <span class='ocrx_word' id='word_1_85' title='bbox 282 2476 425 2560; x_wconf 91' lang='lat' dir='ltr'>quodam</span> <span class='ocrx_word' id='word_1_86' title='bbox 447 2474 601 2554; x_wconf 90' lang='lat' dir='ltr'>interiori,</span> <span class='ocrx_word' id='word_1_87' title='bbox 617 2473 713 2558; x_wconf 74' lang='lat' dir='ltr'>quam</span> <span class='ocrx_word' id='word_1_88' title='bbox 737 2473 869 2537; x_wconf 82' lang='lat' dir='ltr'>admissi</span> <span class='ocrx_word' id='word_1_89' title='bbox 891 2474 933 2537; x_wconf 96' lang='lat' dir='ltr'>ad</span> <span class='ocrx_word' id='word_1_90' title='bbox 954 2474 1189 2559; x_wconf 81' lang='lat' dir='ltr'>probationem,</span> 
     </span>
     <span class='ocr_line' id='line_1_15' title="bbox 169 2585 1190 2672; baseline 0.002 -23"><span class='ocrx_word' id='word_1_91' title='bbox 169 2586 199 2649; x_wconf 92' lang='lat' dir='ltr'>in</span> <span class='ocrx_word' id='word_1_92' title='bbox 214 2609 332 2671; x_wconf 87' lang='lat' dir='ltr'>corpus</span> <span class='ocrx_word' id='word_1_93' title='bbox 348 2586 519 2651; x_wconf 86' lang='lat' dir='ltr'>Societatis</span> <span class='ocrx_word' id='word_1_94' title='bbox 541 2597 754 2671; x_wconf 86' lang='lat' dir='ltr'>cooptantur3</span> <span class='ocrx_word' id='word_1_95' title='bbox 785 2585 825 2648; x_wconf 91' lang='lat' dir='ltr'>de</span> <span class='ocrx_word' id='word_1_96' title='bbox 848 2608 959 2650; x_wconf 90' lang='lat' dir='ltr'>eorum</span> <span class='ocrx_word' id='word_1_97' title='bbox 982 2609 1110 2672; x_wconf 91' lang='lat' dir='ltr'>quoque</span> <span class='ocrx_word' id='word_1_98' title='bbox 1133 2588 1190 2651; x_wconf 90' lang='lat' dir='ltr'>ad-</span> 
     </span>
     <span class='ocr_line' id='line_1_16' title="bbox 170 2697 1190 2784; baseline 0.002 -22"><span class='ocrx_word' id='word_1_99' title='bbox 170 2699 317 2763; x_wconf 90' lang='lat' dir='ltr'>missione</span> <span class='ocrx_word' id='word_1_100' title='bbox 336 2699 372 2762; x_wconf 90' lang='lat' dir='ltr'>in</span> <span class='ocrx_word' id='word_1_101' title='bbox 394 2699 455 2762; x_wconf 88' lang='lat' dir='ltr'>hae</span> <span class='ocrx_word' id='word_1_102' title='bbox 482 2698 597 2782; x_wconf 91' lang='lat' dir='ltr'>quinta</span> <span class='ocrx_word' id='word_1_103' title='bbox 618 2708 710 2784; x_wconf 88' lang='lat' dir='ltr'>parte</span> <span class='ocrx_word' id='word_1_104' title='bbox 731 2697 866 2776; x_wconf 89' lang='lat' dir='ltr'>dicetur,</span> <span class='ocrx_word' id='word_1_105' title='bbox 889 2698 968 2782; x_wconf 91' lang='lat' dir='ltr'>quid</span> <span class='ocrx_word' id='word_1_106' title='bbox 989 2699 1024 2762; x_wconf 93' lang='lat' dir='ltr'>in</span> <span class='ocrx_word' id='word_1_107' title='bbox 1047 2700 1190 2765; x_wconf 91' lang='lat' dir='ltr'>Domino</span> 
     </span>
     <span class='ocr_line' id='line_1_17' title="bbox 171 2809 573 2876; baseline 0 -2"><span class='ocrx_word' id='word_1_108' title='bbox 171 2810 403 2876; x_wconf 89' lang='lat' dir='ltr'>observandum</span> <span class='ocrx_word' id='word_1_109' title='bbox 417 2809 573 2875; x_wconf 89' lang='lat' dir='ltr'>videatur.</span> 
     </span>
    </p>

    <p class='ocr_par' dir='ltr' id='par_1_7' title="bbox 139 2921 1191 3568">
     <span class='ocr_line' id='line_1_18' title="bbox 139 2921 1190 3008; baseline 0.003 -25"><span class='ocrx_word' id='word_1_110' title='bbox 139 2928 154 2983; x_wconf 83' lang='lat' dir='ltr'>t</span> <span class='ocrx_word' id='word_1_111' title='bbox 174 2924 274 2988; x_wconf 78' lang='lat' dir='ltr'>Primo</span> <span class='ocrx_word' id='word_1_112' title='bbox 295 2923 429 3008; x_wconf 89' lang='lat' dir='ltr'>quidem</span> <span class='ocrx_word' id='word_1_113' title='bbox 450 2922 586 2987; x_wconf 81' lang='lat' dir='ltr'>facultas</span> <span class='ocrx_word' id='word_1_114' title='bbox 610 2921 804 2985; x_wconf 90' lang='lat' dir='ltr'>admittendi</span> <span class='ocrx_word' id='word_1_115' title='bbox 827 2922 862 2985; x_wconf 89' lang='lat' dir='ltr'>in</span> <span class='ocrx_word' id='word_1_116' title='bbox 883 2944 1000 3006; x_wconf 87' lang='lat' dir='ltr'>eorpus</span> <span class='ocrx_word' id='word_1_117' title='bbox 1021 2922 1190 2988; x_wconf 88' lang='lat' dir='ltr'>Societatis</span> 
     </span>
     <span class='ocr_line' id='line_1_19' title="bbox 173 3032 1191 3119; baseline -0.001 -21"><span class='ocrx_word' id='word_1_118' title='bbox 173 3057 232 3114; x_wconf 89' lang='lat' dir='ltr'>eos,</span> <span class='ocrx_word' id='word_1_119' title='bbox 249 3057 331 3119; x_wconf 90' lang='lat' dir='ltr'>quos</span> <span class='ocrx_word' id='word_1_120' title='bbox 356 3033 484 3097; x_wconf 86' lang='lat' dir='ltr'>admitti</span> <span class='ocrx_word' id='word_1_121' title='bbox 510 3033 682 3119; x_wconf 84' lang='lat' dir='ltr'>oportebit,</span> <span class='ocrx_word' id='word_1_122' title='bbox 704 3055 805 3119; x_wconf 89' lang='lat' dir='ltr'>penes</span> <span class='ocrx_word' id='word_1_123' title='bbox 831 3032 900 3118; x_wconf 89' lang='lat' dir='ltr'>ejus</span> <span class='ocrx_word' id='word_1_124' title='bbox 927 3044 1024 3117; x_wconf 88' lang='lat' dir='ltr'>caput</span> <span class='ocrx_word' id='word_1_125' title='bbox 1047 3034 1127 3113; x_wconf 88' lang='lat' dir='ltr'>erit3</span> <span class='ocrx_word' id='word_1_126' title='bbox 1153 3046 1191 3098; x_wconf 90' lang='lat' dir='ltr'>ut</span> 
     </span>
     <span class='ocr_line' id='line_1_20' title="bbox 175 3144 1190 3232; baseline -0.001 -23"><span class='ocrx_word' id='word_1_127' title='bbox 175 3148 248 3211; x_wconf 86' lang='lat' dir='ltr'>ratio</span> <span class='ocrx_word' id='word_1_128' title='bbox 277 3147 433 3232; x_wconf 88' lang='lat' dir='ltr'>postulat.</span> <span class='ocrx_word' id='word_1_129' title='bbox 479 3145 544 3210; x_wconf 85' lang='lat' dir='ltr'>Sed</span> <span class='ocrx_word' id='word_1_130' title='bbox 582 3145 658 3230; x_wconf 91' lang='lat' dir='ltr'>quia</span> <span class='ocrx_word' id='word_1_131' title='bbox 696 3145 893 3231; x_wconf 87' lang='lat' dir='ltr'>Praepositus</span> <span class='ocrx_word' id='word_1_132' title='bbox 925 3144 1093 3208; x_wconf 85' lang='lat' dir='ltr'>Generalis</span> <span class='ocrx_word' id='word_1_133' title='bbox 1123 3156 1190 3208; x_wconf 90' lang='lat' dir='ltr'>tam</span> 
     </span>
     <span class='ocr_line' id='line_1_21' title="bbox 174 3256 1191 3343; baseline -0.002 -20"><span class='ocrx_word' id='word_1_134' title='bbox 174 3260 260 3323; x_wconf 79' lang='lat' dir='ltr'>variis</span> <span class='ocrx_word' id='word_1_135' title='bbox 275 3259 356 3323; x_wconf 88' lang='lat' dir='ltr'>loeis</span> <span class='ocrx_word' id='word_1_136' title='bbox 370 3259 524 3323; x_wconf 85' lang='lat' dir='ltr'>interesse</span> <span class='ocrx_word' id='word_1_137' title='bbox 541 3281 607 3322; x_wconf 89' lang='lat' dir='ltr'>non</span> <span class='ocrx_word' id='word_1_138' title='bbox 629 3268 759 3343; x_wconf 84' lang='lat' dir='ltr'>potest3</span> <span class='ocrx_word' id='word_1_139' title='bbox 782 3257 852 3321; x_wconf 89' lang='lat' dir='ltr'>aliis</span> <span class='ocrx_word' id='word_1_140' title='bbox 875 3258 915 3321; x_wconf 92' lang='lat' dir='ltr'>de</span> <span class='ocrx_word' id='word_1_141' title='bbox 939 3256 1097 3321; x_wconf 87' lang='lat' dir='ltr'>Societate</span> <span class='ocrx_word' id='word_1_142' title='bbox 1120 3279 1191 3321; x_wconf 88' lang='lat' dir='ltr'>eam</span> 
     </span>
     <span class='ocr_line' id='line_1_22' title="bbox 176 3368 1191 3454; baseline -0.001 -20"><span class='ocrx_word' id='word_1_143' title='bbox 176 3382 293 3453; x_wconf 89' lang='lat' dir='ltr'>partem</span> <span class='ocrx_word' id='word_1_144' title='bbox 319 3368 419 3454; x_wconf 89' lang='lat' dir='ltr'>hujus</span> <span class='ocrx_word' id='word_1_145' title='bbox 443 3369 616 3449; x_wconf 84' lang='lat' dir='ltr'>facultatis,</span> <span class='ocrx_word' id='word_1_146' title='bbox 639 3392 712 3453; x_wconf 85' lang='lat' dir='ltr'>quae</span> <span class='ocrx_word' id='word_1_147' title='bbox 738 3369 780 3432; x_wconf 96' lang='lat' dir='ltr'>ad</span> <span class='ocrx_word' id='word_1_148' title='bbox 806 3369 906 3432; x_wconf 89' lang='lat' dir='ltr'>totius</span> <span class='ocrx_word' id='word_1_149' title='bbox 931 3368 1072 3454; x_wconf 87' lang='lat' dir='ltr'>eorporis</span> <span class='ocrx_word' id='word_1_150' title='bbox 1092 3368 1191 3454; x_wconf 89' lang='lat' dir='ltr'>hujus</span> 
     </span>
     <span class='ocr_line' id='line_1_23' title="bbox 176 3481 995 3568; baseline 0 -22"><span class='ocrx_word' id='word_1_151' title='bbox 176 3481 290 3548; x_wconf 90' lang='lat' dir='ltr'>bonum</span> <span class='ocrx_word' id='word_1_152' title='bbox 305 3484 409 3548; x_wconf 89' lang='lat' dir='ltr'>facere</span> <span class='ocrx_word' id='word_1_153' title='bbox 423 3483 596 3562; x_wconf 90' lang='lat' dir='ltr'>videbitur,</span> <span class='ocrx_word' id='word_1_154' title='bbox 611 3483 730 3568; x_wconf 92' lang='lat' dir='ltr'>poterit</span> <span class='ocrx_word' id='word_1_155' title='bbox 747 3482 995 3546; x_wconf 88' lang='lat' dir='ltr'>communicare.</span> 
     </span>
    </p>

    <p class='ocr_par' dir='ltr' id='par_1_8' title="bbox 143 3592 1192 4131">
     <span class='ocr_line' id='line_1_24' title="bbox 143 3592 1191 3681; baseline 0.001 -28"><span class='ocrx_word' id='word_1_156' title='bbox 143 3593 310 3681; x_wconf 81' lang='lat' dir='ltr'>3&#39;lempus</span> <span class='ocrx_word' id='word_1_157' title='bbox 333 3595 376 3658; x_wconf 86' lang='lat' dir='ltr'>ad</span> <span class='ocrx_word' id='word_1_158' title='bbox 398 3594 635 3659; x_wconf 89' lang='lat' dir='ltr'>admittendum</span> <span class='ocrx_word' id='word_1_159' title='bbox 657 3594 755 3658; x_wconf 91' lang='lat' dir='ltr'>modo</span> <span class='ocrx_word' id='word_1_160' title='bbox 779 3593 926 3679; x_wconf 88' lang='lat' dir='ltr'>superius</span> <span class='ocrx_word' id='word_1_161' title='bbox 949 3593 1047 3671; x_wconf 91' lang='lat' dir='ltr'>dicto,</span> <span class='ocrx_word' id='word_1_162' title='bbox 1062 3592 1097 3655; x_wconf 91' lang='lat' dir='ltr'>in</span> <span class='ocrx_word' id='word_1_163' title='bbox 1119 3592 1191 3655; x_wconf 91' lang='lat' dir='ltr'>uni-</span> 
     </span>
     <span class='ocr_line' id='line_1_25' title="bbox 176 3705 1192 3795; baseline -0.004 -23"><span class='ocrx_word' id='word_1_164' title='bbox 176 3730 296 3773; x_wconf 88' lang='lat' dir='ltr'>versum</span> <span class='ocrx_word' id='word_1_165' title='bbox 310 3709 486 3795; x_wconf 91' lang='lat' dir='ltr'>loquendo,</span> <span class='ocrx_word' id='word_1_166' title='bbox 500 3719 576 3794; x_wconf 91' lang='lat' dir='ltr'>post</span> <span class='ocrx_word' id='word_1_167' title='bbox 590 3707 758 3770; x_wconf 90' lang='lat' dir='ltr'>biennium</span> <span class='ocrx_word' id='word_1_168' title='bbox 774 3730 843 3771; x_wconf 88' lang='lat' dir='ltr'>esse</span> <span class='ocrx_word' id='word_1_169' title='bbox 864 3705 1045 3792; x_wconf 84' lang='lat' dir='ltr'>oportebit3</span> <span class='ocrx_word' id='word_1_170' title='bbox 1077 3706 1142 3769; x_wconf 88' lang='lat' dir='ltr'>Sed</span> <span class='ocrx_word' id='word_1_171' title='bbox 1165 3705 1192 3769; x_wconf 92' lang='lat' dir='ltr'>si</span> 
     </span>
     <span class='ocr_line' id='line_1_26' title="bbox 179 3818 1192 3906; baseline -0.004 -22"><span class='ocrx_word' id='word_1_172' title='bbox 179 3821 244 3903; x_wconf 91' lang='lat' dir='ltr'>quis</span> <span class='ocrx_word' id='word_1_173' title='bbox 259 3823 345 3902; x_wconf 72' lang='lat' dir='ltr'>ante,</span> <span class='ocrx_word' id='word_1_174' title='bbox 361 3822 458 3906; x_wconf 74' lang='lat' dir='ltr'>quam</span> <span class='ocrx_word' id='word_1_175' title='bbox 474 3822 514 3885; x_wconf 90' lang='lat' dir='ltr'>ad</span> <span class='ocrx_word' id='word_1_176' title='bbox 531 3819 639 3885; x_wconf 92' lang='lat' dir='ltr'>studia</span> <span class='ocrx_word' id='word_1_177' title='bbox 653 3819 846 3899; x_wconf 85' lang='lat' dir='ltr'>mitteretur,</span> <span class='ocrx_word' id='word_1_178' title='bbox 861 3819 913 3884; x_wconf 88' lang='lat' dir='ltr'>vel</span> <span class='ocrx_word' id='word_1_179' title='bbox 934 3819 968 3881; x_wconf 92' lang='lat' dir='ltr'>in</span> <span class='ocrx_word' id='word_1_180' title='bbox 991 3818 1112 3883; x_wconf 91' lang='lat' dir='ltr'>eisdem</span> <span class='ocrx_word' id='word_1_181' title='bbox 1136 3818 1192 3882; x_wconf 90' lang='lat' dir='ltr'>diu</span> 
     </span>
     <span class='ocr_line' id='line_1_27' title="bbox 178 3931 1192 4019; baseline -0.003 -24"><span class='ocrx_word' id='word_1_182' title='bbox 178 3933 324 4014; x_wconf 88' lang='lat' dir='ltr'>probatus</span> <span class='ocrx_word' id='word_1_183' title='bbox 344 3934 563 4019; x_wconf 47' lang='lat' dir='ltr'>fuisset,*post</span> <span class='ocrx_word' id='word_1_184' title='bbox 586 3933 641 3996; x_wconf 91' lang='lat' dir='ltr'>illa</span> <span class='ocrx_word' id='word_1_185' title='bbox 665 3933 822 4012; x_wconf 89' lang='lat' dir='ltr'>absoluta,</span> <span class='ocrx_word' id='word_1_186' title='bbox 849 3931 875 3994; x_wconf 93' lang='lat' dir='ltr'>si</span> <span class='ocrx_word' id='word_1_187' title='bbox 897 3931 938 3993; x_wconf 90' lang='lat' dir='ltr'>ad</span> <span class='ocrx_word' id='word_1_188' title='bbox 959 3932 1192 4014; x_wconf 86' lang='lat' dir='ltr'>professionem</span> 
     </span>
     <span class='ocr_line' id='line_1_28' title="bbox 179 4042 1192 4131; baseline 0 -27"><span class='ocrx_word' id='word_1_189' title='bbox 179 4055 221 4106; x_wconf 89' lang='lat' dir='ltr'>est</span> <span class='ocrx_word' id='word_1_190' title='bbox 250 4045 480 4126; x_wconf 88' lang='lat' dir='ltr'>admittendus,</span> <span class='ocrx_word' id='word_1_191' title='bbox 511 4045 674 4131; x_wconf 86' lang='lat' dir='ltr'>integrum</span> <span class='ocrx_word' id='word_1_192' title='bbox 705 4045 810 4110; x_wconf 89' lang='lat' dir='ltr'>adhue</span> <span class='ocrx_word' id='word_1_193' title='bbox 840 4042 1039 4128; x_wconf 89' lang='lat' dir='ltr'>probationis</span> <span class='ocrx_word' id='word_1_194' title='bbox 1070 4064 1192 4107; x_wconf 89' lang='lat' dir='ltr'>annum</span> 
     </span>
    </p>
   </div>
   <div class='ocr_carea' id='block_1_6' title="bbox 1094 4310 1289 4441">
    <p class='ocr_par' dir='ltr' id='par_1_9' title="bbox 1094 4310 1289 4441">
     <span class='ocr_line' id='line_1_29' title="bbox 1094 4310 1289 4441; baseline 0.01 -26"><span class='ocrx_word' id='word_1_195' title='bbox 1094 4436 1097 4441; x_wconf 16' lang='lat'><strong>¹</strong></span> <span class='ocrx_word' id='word_1_196' title='bbox 1151 4310 1289 4416; x_wconf 56' lang='lat' dir='ltr'>rx</span> 
     </span>
    </p>
   </div>
   <div class='ocr_carea' id='block_1_7' title="bbox 0 0 1343 4732">
    <p class='ocr_par' dir='ltr' id='par_1_10' title="bbox 0 0 1343 4732">
     <span class='ocr_line' id='line_1_30' title="bbox 0 0 1343 4732; baseline 0 0"><span class='ocrx_word' id='word_1_197' title='bbox 0 0 1343 4732; x_wconf 95' lang='lat' dir='ltr'> </span> 
     </span>
    </p>
   </div>
  </div>
 </body>
</html>
