2646 4732
396 366 400 373 .
491 333 799 388 tronrmousnnss.
1082 319 1152 388 181

166 493 289 591 copule,
320 494 384 594 qui
408 508 465 572 est
492 499 602 596 prolis
628 500 825 599 generatio.
880 500 959 575 Nec
986 525 1077 574 uxor
1107 501 1153 573 ad

88 634 106 682 Ι
160 606 292 692 similem
306 620 486 720 copulam,
509 623 572 695 sed
597 622 643 696 ad
662 622 775 697 solam
792 621 959 720 copulam
974 621 1072 697 intra
1087 646 1149 696 vas

88 761 102 808 ³
157 735 356 839 legitimum,
377 768 468 818 uxor
484 744 714 842 est-(Ibid.
739 746 841 841 ab.)

88 863 95 931 l
191 865 315 966 Aliqui
344 878 465 944 tamen
497 868 534 943 id
559 868 770 955 admittunt,
800 879 843 941 ut
865 869 977 943 refert
994 869 1155 944 Abulen·

146 986 248 1064 sis...
267 1002 311 1065 ut
324 976 451 1066 verum
469 991 515 1066 sit
531 992 569 1065 in
585 992 662 1066 viro
679 989 815 1089 agenti,
837 1016 938 1065 secus
954 991 992 1065 in
1008 990 1154 1066 foemina

140 1113 304 1212 patienti.
343 1115 455 1201 ‘Quia
471 1141 544 1190 non
556 1117 666 1191 habet
678 1116 732 1188 sui
746 1115 904 1214 corporis
922 1127 1152 1216 potestatem,

136 1237 201 1310 sed
221 1237 320 1312 solus
342 1239 407 1313 vir.
459 1239 614 1327 Deinde,
638 1238 723 1337 quia
743 1249 826 1328 stat,
846 1249 1032 1337 petentem
1050 1232 1153 1315 reum

132 1387 214 1436 esse
232 1426 235 1431 .
254 1362 383 1462 culpae,
428 1363 640 1438 reddentem
682 1362 769 1437 verb
810 1361 906 1436 illius
943 1363 1151 1439 immunem.

134 1485 282 1562 Verdm
298 1485 497 1563 tenendum
513 1500 567 1561 est
584 1486 684 1560 nullo
701 1486 810 1558 modo
828 1485 936 1560 licere
953 1487 1056 1561 uxori
1074 1489 1152 1587 pati

129 1611 307 1709 copulam
319 1609 577 1698 sodomiticam,
595 1622 659 1685 aut
672 1608 879 1683 effusionem
894 1610 1035 1684 seminis
1048 1622 1152 1686 extra

129 1735 329 1822 vrs31icet
353 1735 441 1812 alies
454 1760 551 1810 mors
575 1735 643 1808 sibi
666 1733 882 1809 comminata
901 1734 1068 1808 obeunda
1092 1737 1150 1809 sit.

133 1861 236 1946 Quia
259 1886 304 1935 ea
325 1859 455 1958 copula
477 1870 533 1933 est
553 1859 746 1933 intrinsece
762 1856 869 1945 mala,
892 1861 1064 1957 pejorque
1080 1857 1152 1932 for-

129 1983 329 2070 nicatione,
354 2009 435 2082 quae
452 1982 551 2058 nullo
569 1982 698 2056 timore
717 1992 838 2081 potest
860 1982 1059 2066 honestari;
1086 2006 1152 2055 nec

130 2118 192 2181 est
208 2106 480 2181 matrimonialis
497 2130 577 2205 quae
588 2107 663 2180 sola
678 2105 778 2179 licita
794 2117 849 2178 est
867 2160 919 2179 ...
939 2106 1019 2180 Nec
1031 2106 1152 2179 obstat
1240 2133 1242 2151 ·

130 2242 395 2330 argumentum
419 2229 650 2318 contrarium,
678 2230 848 2329 quoniam
871 2230 925 2304 vir
949 2230 1151 2304 nonhabet

127 2365 356 2453 potestatem
387 2355 425 2428 in
463 2354 584 2428 uxoris
623 2380 763 2452 corpus,
799 2355 845 2426 ad
883 2378 1147 2453 quemcumque

134 2505 256 2565 usum,
274 2478 338 2552 sed
355 2478 402 2552 ad
419 2479 536 2552 solum
551 2479 718 2553 uxorium
734 2480 831 2553 intra
847 2505 908 2553 vas
932 2480 1146 2577 legitimum.

137 2603 221 2678 Hoc
239 2614 361 2677 tamen
382 2603 536 2677 libenter
557 2601 709 2691 fatebor,
731 2605 760 2678 si
780 2605 868 2678 velit
893 2604 946 2678 vir
971 2604 1149 2678 intrares

133 2727 340 2827 legitimum
356 2727 523 2826 copulam
538 2728 681 2816 habere,
703 2729 863 2827 quamvis
880 2742 1043 2829 ternpore
1060 2727 1150 2803 effu·

138 2853 245 2926 sionis
280 2851 422 2925 seminis
460 2852 574 2927 soleat
607 2855 809 2928 membrum
842 2856 1035 2940 retrahere,
1077 2879 1149 2954 quo

138 3003 258 3051 semen
278 2987 380 3051 extra
397 2975 551 3064 decidat,
569 3002 717 3052 uxorem
729 2979 865 3076 copulae
885 2978 1149 3065 assentientem,

137 3101 284 3177 minime
315 3113 437 3176 autern
464 3101 616 3176 membri
642 3102 861 3189 retractioni,
893 3104 1043 3177 liberam
1071 3126 1149 3177 esse

137 3226 159 3302 d
175 3228 296 3324 culpd.
335 3225 430 3309 Quia
443 3227 506 3300 dat
522 3252 669 3325 operam
685 3227 737 3301 rei
751 3227 870 3314 licitae,
883 3227 1047 3305 debitum
1058 3226 1149 3323 legi·

138 3352 225 3427 time
250 3361 419 3424 exactum
443 3350 609 3439 reddens,
631 3364 669 3426 et
685 3352 823 3426 malitia
843 3351 908 3425 viri
925 3361 980 3424 est
1000 3349 1147 3424 omnind

137 3475 346 3562 extrinseca,
377 3485 416 3549 et
444 3475 559 3549 aliena
587 3477 633 3550 ab
663 3476 725 3550 illo
752 3487 848 3563 actu,
881 3501 947 3549 nec
975 3499 1066 3549 uxor
1095 3474 1148 3548 illi

138 3601 332 3676 mentiens
371 3599 414 3672 fit
458 3601 649 3700 particeps,
692 3601 780 3700 quin
821 3599 945 3699 potids
983 3597 1150 3674 dissentit

137 3725 428 3826 culpae.-·(Ibid.
455 3751 489 3799 a.
503 3724 556 3819 3.)

186 3849 347 3949 Rogabis
376 3849 509 3938 forsan,
535 3849 650 3950 qualis
670 3850 778 3947 culpa
800 3852 858 3934 sit,
888 3848 918 3921 si
948 3847 1002 3921 vir
1027 3847 1148 3921 volens

137 3972 299 4072 legitime
316 3974 419 4047 uxori
436 3974 697 4073 copularique
714 4000 751 4048 se
768 3973 913 4060 excitet,
931 3971 987 4047 vel
1004 3969 1148 4070 majoris

139 4096 332 4196 voluptatis
357 4100 543 4198 captandae
565 4098 698 4197 gratie,
721 4099 865 4172 inchoet
882 4093 1047 4195 copulam
1066 4120 1149 4170 eum
