2646 4732
18 369 21 375 ’
112 378 155 434 40
489 384 815 429 consrirusionnn

176 554 251 620 ralis
274 577 310 618 ac
330 551 467 617 Moralis
485 550 704 635 Philosophia,
726 548 965 634 Metaphysica,
981 559 1014 612 et
1028 547 1207 633 Theologia

171 662 245 730 'tam
275 687 348 749 quae
379 662 588 742 Scholastica,
619 684 716 746 quam
747 683 820 745 quae
852 659 994 725 Positiva
1018 658 1148 738 dicitur,
1174 671 1206 722 et

178 775 268 842 sacra
279 775 446 861 Scriptura
457 775 498 838 ad
513 775 548 838 id
562 773 731 859 adjuvant:
753 774 870 837 harum
880 772 1073 836 facultatum
1088 771 1206 835 studiis

178 888 309 974 operam
336 887 462 951 dabunt
488 885 544 970 qui
569 886 610 948 ad
631 884 991 970 Collegiamittuntur3
1022 895 1055 946 et
1073 882 1205 966 quidem

178 999 294 1085 majori
308 1022 383 1063 cum
400 997 567 1083 diligentia
580 997 644 1061 illis
659 997 833 1075 vacabunt,
848 1018 921 1080 quae
944 996 986 1059 ad
1007 995 1107 1059 finem
1122 1017 1205 1080 prae-

179 1111 314 1190 dietum,
337 1109 449 1174 habita
474 1109 598 1173 ratione
628 1107 795 1193 temporis,
821 1106 894 1190 loci,
924 1119 957 1171 et
981 1128 1204 1192 personarum,

179 1246 350 1309 supremus
373 1223 561 1287 Moderator
584 1220 766 1285 studiorum
789 1219 892 1305 magis
915 1219 950 1282 in
965 1219 1109 1284 Domino
1128 1242 1204 1284 con-

177 1333 286 1401 venire
304 1335 475 1421 judicabit.

135 1459 154 1514 2
177 1448 232 1511 Ad
248 1447 458 1533 particulares
484 1467 638 1530 personas
663 1443 900 1522 descendendo,
928 1443 1008 1527 quid
1029 1443 1064 1507 hi
1086 1444 1138 1509 vel
1159 1444 1205 1508 illi

179 1560 343 1624 addiscere
374 1559 524 1638 debeant,
550 1557 760 1643 Superiorum
790 1556 971 1641 prudentiae
994 1556 1204 1642 relinquetur.

130 1741 132 1746 .
179 1672 245 1738 Oui
269 1683 377 1736 tamen
399 1670 508 1734 indole
526 1669 649 1754 ingenii
671 1669 828 1759 praeditus
849 1681 945 1747 esset,
959 1691 1032 1754 ¹quo
1054 1669 1088 1733 in
1109 1669 1205 1734 dictis

177 1782 386 1847 facultatibus
411 1781 594 1846 solidiorem
621 1781 802 1846 doctrinam
828 1789 1116 1864 consequetur,'e0
1136 1804 1204 1847 rem

178 1895 339 1959 utiliorem
354 1895 483 1958 faceret.

133 2015 152 2070 3
177 2007 228 2070 De
238 2017 383 2091 tempore
395 2004 490 2068 alicui
506 2027 546 2069 ex
559 2004 611 2068 his
625 2004 775 2069 Scientiis
790 2004 1020 2088 impendendo,
1029 2017 1063 2069 et
1074 2006 1204 2090 quando

177 2118 219 2182 ad
232 2117 376 2182 utiliores
393 2117 434 2181 sit
449 2116 733 2202 progrediendum,
750 2118 869 2180 Rector
883 2116 1028 2181 adhibita
1042 2117 1204 2182 examina·

176 2229 264 2294 tione
280 2229 485 2294 convenienti
501 2228 727 2308 considerabit,
735 2217 776 2292 'et
792 2239 923 2292 statuet.

110 2348 152 2406 ’4
177 2344 362 2427 Sequantur
382 2342 417 2404 in
444 2342 556 2426 quavis
577 2341 729 2405 facultate
753 2341 946 2406 securiorem
969 2352 1002 2404 et
1023 2341 1128 2426 magis
1149 2364 1205 2428 ap-

175 2453 344 2539 probatam
363 2452 554 2531 doctrinam,
575 2463 607 2515 et
631 2474 686 2516 eos
710 2453 873 2532 authores,
893 2452 950 2538 qui
972 2474 1043 2516 eam
1066 2454 1204 2518 docent:

176 2566 269 2651 cujus
292 2565 337 2629 rei
363 2586 463 2650 penes
489 2566 661 2629 Rectorem
685 2566 763 2650 (qui,
784 2568 872 2651 quod
895 2577 1056 2631 statuetur
1073 2567 1108 2631 in
1132 2569 1205 2632 uni-

175 2701 267 2743 versa
282 2678 441 2743 Societate
458 2670 668 2762 ad'majorem
685 2679 749 2743 Dei
764 2679 910 2765 gloriam,
927 2689 1124 2765 aequaturus
1140 2684 1201 2765 est)

177 2812 254 2853 cura
269 2789 321 2853 sit.

126 3083 304 3134 QUOMODO
321 3085 519 3130 JUVENTUR
537 3084 776 3128 SOHOLAS'HOI
794 3086 844 3128 AD
862 3088 931 3130 HAS
949 3087 1189 3133 FAOULTATES

464 3198 562 3241 BENE
580 3197 849 3242 AnntsanDAS.

566 3300 663 3365 cAP.
687 3301 748 3364 VI.
821 3343 823 3346 -

134 3435 148 3490 1
176 3426 231 3491 Ur
247 3434 355 3490 autem
372 3424 563 3490 Scholastici
584 3426 761 3511 plurimum
784 3427 818 3492 in
840 3429 988 3513 doctrina
1008 3426 1223 3514 proficiant,

173 3538 208 3601 in
223 3535 340 3622 primis
353 3536 468 3601 animae
488 3536 664 3622 puritatem
686 3539 859 3621 custodire,
875 3563 911 3604 ac
933 3552 1054 3605 rectam
1078 3540 1202 3605 studio-

173 3657 246 3712 rum
262 3647 476 3712 intentionem
496 3648 614 3714 habere
637 3662 806 3730 conentur,
826 3651 907 3715 nihil
923 3651 1011 3715 aliud
1025 3651 1059 3715 in
1076 3651 1202 3730 litteris,

174 3760 270 3843 quam
286 3758 427 3823 divinam
443 3758 589 3844 gloriam,
600 3768 632 3823 et
648 3761 828 3825 animarum
843 3762 987 3827 fructum
1002 3771 1201 3847 quaerentes3

173 3869 254 3934 etin
271 3870 338 3934 suis
362 3869 561 3934 orationibus
579 3870 727 3955 gratiam,
743 3883 779 3936 ut
802 3873 836 3937 in
860 3873 1007 3938 doctrina
1028 3874 1201 3960 proficiant

173 3982 317 4045 adhunc
334 3982 444 4061 finem,
461 3981 573 4046 crebro
588 3992 713 4067 petant.

129 4100 147 4156 2
172 4093 330 4158 Praeterea
353 4093 435 4158 serii>
459 4103 491 4157 et
518 4103 704 4158 constanter
729 4095 874 4161 animum
904 4096 1019 4162 studiis
1041 4098 1203 4184 applicare
