2646 4732
76 384 82 398 .
177 337 218 394 94
551 349 876 394 consrmumosuu

242 536 279 577 eo
296 513 474 577 constituto
489 514 613 593 ordine,
628 525 666 578 ut
681 514 795 599 quovis
812 513 845 578 in
864 514 947 594 loco,
962 536 1035 598 quae
1057 515 1100 577 ad
1121 521 1271 578 mutuam

243 625 496 690 consolationem
521 638 554 691 et
578 627 824 691 aedificationem
851 627 883 689 in
907 627 1051 691 Domino
1072 627 1210 707 faciunt,
1233 649 1272 690 ex

243 739 311 802 aliis
327 739 401 802 sciri
416 740 553 824 possint.

289 1151 424 1198 QUIBUS
443 1151 482 1193 IN
501 1150 654 1193 GASIBUS
672 1149 934 1192 GONGREGATIO
952 1149 1165 1192 GENERALIS

587 1262 689 1304 FIERI
707 1261 867 1304 DEBEAT.

643 1377 741 1441 CAP.
765 1378 813 1441 Il.

205 1524 219 1578 1
245 1516 300 1578 Ao
323 1515 477 1579 unionem
499 1515 702 1599 personalem
719 1525 758 1578 ut
776 1514 955 1594 veniamus,
977 1536 1051 1599 quae
1072 1513 1107 1578 in
1128 1513 1272 1599 Congre-

245 1629 430 1714 gationibus
452 1628 623 1692 Societatis
645 1629 705 1707 fit3
736 1628 1007 1692 considerandum
1029 1635 1090 1708 est,
1104 1627 1224 1712 quibus
1239 1626 1274 1689 in

246 1741 385 1820 casibus,
401 1741 468 1824 qui,
488 1751 521 1803 et
538 1763 597 1825 per
623 1762 732 1824 quem,
755 1762 791 1804 ac
813 1740 938 1820 itidem,
960 1763 1025 1825 quo
1049 1739 1084 1803 in
1105 1739 1190 1818 loco,
1210 1759 1273 1822 quo

244 1861 402 1938 tempore,
418 1861 451 1916 et
465 1854 562 1917 modo
578 1853 718 1917 debeant
740 1854 941 1938 congregari,
963 1860 996 1916 et
1017 1853 1052 1916 id
1074 1851 1212 1931 definiri,
1234 1852 1273 1915 de

246 1965 360 2049 quoin
377 1965 693 2049 Congregationibus
709 1976 834 2051 agetur.
879 1966 925 2029 Et
946 1975 985 2028 ut
1007 1964 1189 2028 declaretur
1209 1963 1275 2047 pri-

245 2100 299 2141 mo
321 2077 404 2156 loco,
427 2077 546 2162 quibus
571 2077 604 2140 in
630 2077 758 2141 casibus
783 2077 1014 2162 congregatio,
1033 2087 1067 2140 et
1084 2075 1274 2140 Conventus

246 2191 404 2276 generalis
416 2191 494 2270 fiat3
516 2190 598 2253 illud
612 2190 648 2254 in
662 2190 776 2275 primis
792 2190 1000 2276 suppositum
1015 2200 1085 2254 est:
1109 2188 1200 2273 quod
1209 2209 1275 2252 non

247 2305 377 2368 videtur
391 2304 425 2366 in
442 2303 586 2366 Domino
608 2301 643 2366 in
666 2302 913 2387 praesentiarum
936 2302 1098 2388 expedire,
1119 2311 1159 2364 ut
1182 2300 1276 2365 certis

248 2416 449 2500 temporibus
465 2427 522 2478 aut
536 2415 649 2480 crebro
665 2416 732 2479 fiat.
779 2415 944 2482 Quoniam
956 2414 1155 2501 Praepositus
1168 2413 1277 2479 Gene-

248 2528 323 2591 ralis
339 2526 470 2611 adjutus
486 2527 790 2608 communicatione,
806 2550 905 2612 quam
924 2549 1000 2591 cum
1021 2526 1174 2590 universa
1189 2524 1277 2590 Soci-

249 2650 334 2702 etate
351 2637 461 2717 habet,
477 2649 510 2702 et
533 2661 645 2703 eorum
667 2662 776 2724 opera,
791 2640 848 2724 qui
868 2662 944 2703 cum
962 2639 1035 2725 ipso
1057 2639 1195 2724 degunt,
1216 2638 1276 2701 hoc

248 2748 367 2813 laboris
383 2760 416 2813 et
437 2750 655 2814 distractionis
677 2752 837 2816 universae
854 2751 1017 2830 Societati,
1032 2763 1195 2835 quantum
1210 2749 1278 2813 lieri

249 2861 379 2946 poterit,
404 2861 534 2926 adimet.
578 2862 765 2946 Aliquando
788 2875 899 2927 tamen
920 2862 1121 2948 congregari,
1146 2862 1278 2926 omnino

251 2974 311 3037 erit
330 2975 547 3038 necessarium
559 3000 568 3054 3
599 2987 648 3055 ut,
675 2998 750 3040 cum
777 2976 837 3039 erit
864 2977 904 3040 de
930 2976 1085 3040 electione
1109 2973 1279 3060 Praepositi

252 3085 421 3150 Generalis
444 3087 618 3171 agendum,
634 3088 700 3152 sive
723 3088 892 3172 eligendus
915 3087 968 3167 sit,
984 3086 1040 3171 qui
1061 3087 1096 3149 in
1119 3086 1280 3150 demortui

250 3201 360 3264 locum
383 3201 546 3280 succedat,
573 3201 639 3264 sive
666 3201 723 3284 qui
747 3201 942 3286 subrogetur
971 3200 1063 3264 alteri
1090 3199 1280 3285 Praeposito,

253 3335 349 3396 quem
366 3313 477 3376 cedere
494 3313 598 3377 officio
620 3324 754 3397 propter
776 3313 917 3397 aliquam
940 3333 1071 3376 causam
1086 3333 1127 3375 cx
1141 3311 1193 3393 iis,
1209 3334 1280 3396 quae

251 3437 366 3511 postea
381 3425 540 3504 dicentur,
556 3425 737 3488 conveniat.

212 3545 231 3601 2
255 3538 368 3601 Altera
383 3544 554 3617 causaest,
571 3537 645 3600 cum
661 3536 829 3601 deliberari
851 3537 1013 3623 oportebit
1028 3538 1068 3601 de
1090 3536 1188 3600 rebus
1211 3558 1282 3622 per-

252 3650 361 3736 petuis
382 3671 419 3712 ac
443 3649 555 3734 magni
580 3649 748 3729 momenti,
773 3649 884 3733 quales
907 3660 1016 3713 essent
1042 3648 1143 3731 (verbi
1166 3647 1280 3734 gratia)

183 3816 190 3832 ,
256 3761 402 3847 Collegia
415 3762 466 3824 vel
481 3762 595 3825 domos
611 3761 795 3841 dissolvere,
811 3777 868 3825 aut
883 3762 945 3825 alio
967 3762 1152 3841 transferre,
1166 3761 1220 3826 vel
1233 3782 1284 3824 res

256 3874 432 3937 admodum
449 3872 594 3936 difficiles
610 3873 652 3936 ad
672 3873 854 3938 universam
871 3874 1066 3938 Societatem
1089 3884 1285 3959 spectantes,

254 3986 306 4049 vel
320 4008 391 4050 eam
407 3985 565 4049 rationem
580 3986 779 4071 procedendi
792 3986 827 4049 in
842 3985 908 4066 illa,
924 4009 998 4071 quae
1021 3987 1063 4050 ad
1084 3985 1284 4071 implendam
