2646 4732
196 328 237 386 98
578 345 904 394 oonsrrrurmnun

259 532 315 574 sex
330 510 493 575 mensium
509 513 570 596 erit
585 535 604 576 a
619 525 776 599 tempore,
792 538 857 600 quo
873 516 1001 596 litterae,
1017 539 1091 602 quae
1114 519 1154 582 de
1177 518 1240 582 hac
1254 541 1288 584 re

259 623 559 705 commonefacient,
587 626 716 711 scriptae
747 627 879 692 fuerint.
925 629 1095 715 Prorogari
1121 641 1233 695 tamen
1254 605 1304 694 id'

257 746 387 820 tempus
421 736 568 821 poterit3
591 738 681 801 'cirm
719 739 895 804 necessitas
931 741 1156 826 postulaverit.
1201 742 1288 806 Cum

254 869 331 912 vero
347 847 425 911 alias
441 849 483 912 ob
500 871 614 912 causas
637 850 735 914 fuerit
758 853 996 938 congreganda,
1013 852 1182 919 Generalis
1199 854 1287 918 Prae-

255 959 382 1043 positus
397 983 457 1045 pro
474 983 533 1025 suo
549 961 706 1025 arbitratu
722 974 852 1047 tempus
869 963 1062 1049 designabit.

210 1079 230 1135 3
256 1072 379 1136 Modus
394 1072 429 1135 in
445 1075 673 1158 congreganda
689 1074 850 1138 Societate
866 1076 1044 1139 servandus
1066 1076 1120 1139 hic
1141 1076 1225 1156 erit3
1247 1088 1286 1141 ut

253 1184 318 1263 ille,
335 1184 428 1269 cujus
446 1185 510 1248 hcc
532 1197 582 1249 est
604 1208 736 1265 munus,
760 1186 932 1250 confestim
954 1187 1050 1251 variis
1072 1186 1134 1252 viis
1150 1187 1286 1253 Provin-

253 1297 360 1377 ciales,
376 1309 409 1361 et
425 1297 509 1382 siqui
525 1320 565 1361 ex
581 1298 738 1362 Professis
760 1299 925 1383 sigillatim
948 1300 1148 1365 convocandi
1164 1311 1284 1379 essent,

252 1409 416 1496 adscripta
434 1411 606 1494 (quantum
629 1423 680 1474 sat
702 1433 773 1474 esse
796 1411 860 1496 ipsi
875 1411 1050 1495 videbitur)
1069 1433 1178 1491 causa,
1200 1412 1283 1492 loco,

252 1529 285 1585 ct
307 1533 463 1606 tempore,
486 1529 666 1586 conventus
689 1522 842 1601 habendi,
869 1523 1020 1588 certiores
1042 1523 1150 1603 saciat,
1171 1523 1284 1587 admo-

250 1657 332 1697 nens
348 1655 489 1718 quoque,
509 1646 547 1697 ut
565 1634 686 1717 ubique
707 1633 814 1698 missae
837 1634 1050 1714 celebrentur,
1066 1646 1099 1698 et
1121 1634 1282 1698 orationes

248 1746 331 1809 fiant
345 1769 405 1830 pro
421 1745 505 1808 felici
519 1745 689 1830 Praepositi
704 1745 872 1809 electione.
919 1746 1156 1830 Unusquisque
1172 1756 1281 1810 autem

250 1857 502 1922 Prouincialium
535 1857 574 1940 (si
611 1856 674 1942 ipsi
713 1858 772 1921 soli
810 1857 950 1943 eligendi
986 1868 1184 1942 potestatem
1215 1880 1280 1922 non

249 1971 433 2053 habuerint)
454 1971 630 2049 Professos,
652 1970 708 2053 qui
729 1970 765 2033 in
786 1970 889 2055 ipsius
912 1970 1079 2054 provincia
1099 1982 1281 2050 versantur,

250 2085 405 2148 Rectores
429 2106 570 2167 quoque,
586 2094 619 2146 et
641 2083 758 2147 locales
776 2083 983 2168 Praepositcs,
999 2083 1056 2168 qui
1077 2084 1189 2148 venire
1211 2084 1279 2147 sine

248 2219 367 2282 magno
392 2196 599 2278 incommodo
629 2195 768 2280 possint,
793 2195 996 2260 convocabit.
1042 2195 1110 2259 Ubi
1135 2218 1212 2260 vero
1239 2197 1279 2260 ad

247 2311 542 2397 Congregationem
556 2310 787 2394 provincialem
803 2311 1024 2390 convenerint,
1040 2311 1163 2396 eligent
1177 2311 1278 2395 pluri-

244 2424 334 2487 ribus
351 2422 513 2507 suffragiis
529 2421 749 2505 (Provincialis
766 2422 928 2486 sententia
941 2444 1001 2506 pro
1017 2422 1146 2486 duobus
1163 2423 1276 2486 suffra-

244 2534 306 2620 giis
329 2534 509 2615 numerata)
535 2555 601 2612 eos,
622 2533 678 2616 qui
701 2534 742 2596 ad
762 2534 944 2618 generalem
969 2533 1178 2598 Conventum
1200 2536 1275 2596 mit-

244 2657 377 2726 tantur,
411 2645 467 2729 qui
490 2667 560 2708 esse
582 2644 605 2706 ii
629 2644 806 2725 debebunt,
833 2659 915 2730 quos
938 2646 1042 2730 magis
1069 2645 1221 2731 expediat
1246 2645 1275 2709 ei

243 2757 419 2823 conventui
442 2756 609 2836 interesse,
640 2768 672 2820 et
699 2779 838 2841 quorum
865 2757 1012 2821 absentia
1037 2757 1147 2820 minus
1176 2756 1273 2823 detri-

242 2871 345 2934 menti
361 2869 541 2934 Provinciae
557 2869 600 2933 sit
616 2869 761 2934 allatura.
807 2870 877 2954 Ipsi
900 2870 987 2948 verb,
1011 2870 1108 2953 quam
1129 2869 1272 2955 primum

240 2991 406 3068 poterunt,
418 2984 459 3047 ad
475 2981 690 3046 constitutum
699 2983 819 3062 locum,
831 2982 952 3046 relictis
967 2982 1002 3045 in
1015 2981 1081 3045 suis
1092 2981 1271 3045 Provinciis

239 3095 387 3175 Vicariis,
403 3106 436 3158 et
451 3094 548 3158 rebus
564 3094 716 3158 omnibus
739 3077 822 3157 bene
846 3093 1047 3179 compositis,
1061 3093 1270 3178 proficiscen·
1310 3163 1311 3167 Ἰ

240 3219 304 3272 tur.

194 3329 215 3384 4
239 3319 411 3385 Curabunt
425 3329 582 3405 praeterea
598 3318 799 3402 Superiores,
815 3328 852 3379 ut
868 3338 992 3395 omnes,
1008 3316 1064 3398 qui
1080 3315 1142 3378 sub
1159 3315 1268 3379 obedi·

237 3431 325 3496 entia
356 3431 526 3495 Societatis
556 3430 682 3509 vivunt,
713 3429 858 3514 quotidie
889 3428 924 3490 in
951 3426 1154 3491 orationibus
1177 3427 1266 3490 etin

234 3548 406 3611 missarum
422 3545 586 3610 sacrificiis
601 3545 779 3630 plurimum
795 3543 938 3607 Domino
955 3542 1186 3606 commendent
1202 3563 1266 3620 eos,

234 3661 290 3745 qui
301 3660 342 3723 ad
354 3659 537 3745 generalem
550 3657 846 3743 Congregationem
859 3679 892 3719 se
905 3656 1096 3733 conferunt3
1113 3665 1146 3717 et
1159 3653 1265 3731 simul,

232 3785 281 3850 ut,
298 3772 457 3860 quidquid
472 3772 505 3834 in
529 3794 566 3835 ea
588 3771 797 3856 transigetur,
814 3771 855 3832 ad
876 3767 982 3855 majus
1005 3767 1212 3852 obsequium,
1234 3775 1265 3828 ct

231 3883 372 3962 laudem,
388 3894 420 3947 et
436 3883 583 3968 gloriam,
599 3882 699 3947 divini
715 3880 856 3945 nominis
873 3880 976 3943 cedat.
