2646 4732
517 382 610 425 nnus
635 383 797 430 auriane.
1168 368 1210 442 37

143 628 565 689 unscHOLAsr1018,0U1
584 633 625 676 IN
644 631 838 676 contutans
856 632 1178 678 consrl'ruunrun.

134 888 146 944 l
176 881 285 948 Quon
301 883 344 946 ad
361 881 578 948 scholasticos
600 884 726 964 attinet,
743 886 784 949 ad
804 907 943 969 quorum
965 885 1205 950 institutionem

175 995 322 1082 Collegia
337 1004 561 1079 assumuntur,
576 998 611 1062 in
633 998 746 1083 primis
769 999 880 1083 quales
903 1021 973 1063 esse
1000 999 1150 1078 debeant,
1170 1006 1208 1063 ut

174 1108 215 1172 ad
244 1130 283 1172 ea
313 1108 366 1172 vel
394 1109 578 1188 mittantur,
608 1110 659 1175 vel
690 1110 915 1190 admittantur,
945 1110 1206 1174 considerarem

173 1219 319 1283 Domino
335 1220 509 1306 oportebit.

132 1337 151 1392 2
174 1331 323 1395 Primum
343 1330 491 1396 omnium
517 1355 593 1397 cum
618 1333 726 1419 aliquo
751 1355 790 1397 ex
814 1333 959 1419 quinque
981 1333 1045 1398 illis
1067 1334 1206 1420 impedi-

172 1443 293 1514 mentis
309 1443 345 1506 in
362 1443 514 1508 Secunda
530 1445 625 1509 Parte
641 1445 736 1509 dictis
752 1447 863 1510 nullus
878 1446 912 1509 in
929 1446 1075 1532 Collegio
1097 1447 1205 1531 aliquo

173 1555 347 1620 Societatis
362 1555 448 1620 inter
458 1556 675 1621 Scholasticos
691 1557 839 1622 collocari
854 1558 983 1643 poterit.
1028 1559 1074 1622 Et
1087 1571 1206 1644 praeter

174 1666 392 1753 Coadjutores
413 1670 455 1734 ad
475 1669 654 1734 ministeria
680 1670 731 1734 vel
752 1670 907 1734 auxilium
933 1670 1070 1756 collegii
1092 1693 1203 1755 neces-

173 1780 285 1860 sarios,
294 1774 411 1866 reliqui
425 1781 614 1867 hujusmodi
630 1805 699 1846 esse
715 1783 846 1862 debent,
856 1795 894 1846 ut
909 1783 1090 1847 secundum
1105 1783 1202 1847 ratio-

171 1913 248 1955 nem
269 1892 392 1978 sperari
416 1892 531 1978 possit,
551 1894 685 1959 idoneos
712 1895 753 1957 ad
772 1894 900 1958 vineam
924 1894 1047 1959 Christi
1067 1894 1203 1958 Domini

171 2015 285 2069 nostro
302 2005 449 2091 exemplo
465 2027 502 2070 ac
517 2005 697 2071 doctrinam
718 2006 926 2070 excolendam
948 2029 1017 2070 esse
1041 2028 1203 2071 evasuros.

173 2117 220 2182 Hi
237 2130 348 2183 autem
364 2140 428 2204 quo
444 2118 548 2205 magis
564 2119 734 2205 ingeniosi,
750 2119 908 2203 bonisque
924 2118 1068 2183 moribus
1085 2118 1201 2198 ornati,

172 2241 204 2294 et
228 2231 300 2294 sani
322 2252 456 2316 corpore
477 2231 519 2295 ad
542 2232 692 2296 ferendos
712 2231 894 2296 studiorum
916 2230 1041 2294 labores
1061 2230 1202 2310 suerint3

171 2364 210 2406 eo
225 2343 331 2428 magis
347 2343 466 2424 idonei,
479 2354 511 2408 et
527 2343 622 2407 citius
639 2344 680 2406 ad
693 2342 837 2428 Collegia
851 2341 948 2421 mitti,
963 2342 1015 2406 vel
1029 2341 1063 2404 in
1079 2341 1200 2406 eisdem

171 2454 301 2518 admitti
315 2466 466 2540 possunt.

127 2572 147 2628 3
170 2565 226 2629 Ad
242 2565 323 2645 haec,
337 2565 384 2629 illi
400 2567 505 2631 solum
520 2567 554 2631 in
571 2567 788 2633 scholasticos
809 2566 1004 2652 approbatos
1027 2565 1201 2630 admitten-

172 2687 237 2756 tur,
253 2676 360 2762 quiin
376 2679 527 2743 domibus
542 2679 594 2744 vel
610 2679 763 2764 Collegiis
778 2679 857 2764 ipsis
873 2678 1002 2763 probati
1020 2679 1152 2758 fuerint,
1168 2691 1201 2744 et

171 2788 305 2853 biennio
329 2789 365 2852 in
389 2789 484 2854 variis
504 2790 732 2875 experimentis
758 2797 791 2854 et
813 2789 1059 2875 probationibus
1078 2803 1201 2871 exact0,

172 2921 208 2964 ac
232 2900 318 2964 votis
345 2921 420 2964 cum
445 2901 659 2986 promissione
686 2902 725 2965 de
754 2900 923 2965 Societatis
952 2901 1101 2986 ingressu
1128 2902 1199 2988 jam

174 3012 312 3090 emissis,
327 3014 369 3077 ad
383 3013 484 3078 vitam
499 3012 534 3077 in
548 3014 620 3100 ipsa
634 3024 791 3100 perpetuo
807 3013 988 3078 ducendam
1008 3015 1050 3077 ad
1064 3014 1199 3099 gloriam

172 3123 234 3188 Dei
248 3123 472 3189 admittentur.

133 3235 295 3300 4P1aeter
319 3236 392 3316 hos,
417 3236 525 3301 studia
553 3237 749 3321 quibusdam
779 3237 1012 3315 conceduntur,
1041 3234 1098 3318 qui
1124 3242 1199 3298 ante

173 3348 340 3414 biennium
373 3361 406 3414 et
442 3349 649 3435 probationes
685 3350 873 3436 hujusmodi
911 3351 952 3413 ad
984 3348 1129 3434 Collegia
1158 3371 1198 3412 ex

172 3461 321 3525 domibus
353 3461 559 3526 destinantur
591 3464 692 3549 (quod
729 3463 775 3527 sic
809 3463 843 3527 in
874 3462 1017 3527 Domino
1047 3460 1197 3548 expedire

171 3573 327 3659 videatur)
347 3586 404 3639 aut
418 3575 453 3638 in
468 3575 589 3639 eisdem
606 3576 823 3640 admittuntur
832 3601 841 3656 3
864 3598 931 3640 non
953 3587 1063 3640 tamen
1079 3596 1195 3660 appro-

171 3684 237 3749 bati
252 3685 445 3751 Scholastici
459 3699 643 3768 censentur,
659 3689 761 3752 donec
776 3687 907 3752 biennio
930 3699 1042 3752 exacto
1065 3700 1097 3751 et
1111 3687 1195 3752 votis

170 3821 206 3864 ac
228 3801 441 3885 promissione
464 3800 519 3865 illa
540 3802 676 3881 emissis,
691 3802 725 3865 in
749 3803 1001 3888 approbatorum
1022 3824 1194 3869 numerum

169 3913 358 3980 referantur.
