2646 4732
113 346 153 421 72
486 367 812 412 cousrrrurmnnu

174 535 278 614 prium
292 535 483 596 voluntatem
498 555 536 597 ac
549 536 707 615 judicium
722 537 879 598 divorum
902 532 1066 611 sectando,
1082 531 1201 596 divinae

175 643 334 707 voluntati
348 644 569 729 respondebit.

133 764 151 819 2
176 756 340 820 Omnibus
355 755 468 820 itidem
483 757 622 821 maxime
645 757 908 821 commendatum
931 756 985 834 sit,
999 767 1037 821 ut
1058 756 1200 819 multum

174 868 360 933 reverentiae
390 870 434 951 (et
457 869 621 955 praecipue
644 869 678 932 in
704 869 848 933 interiori
871 868 1012 951 homine)
1046 868 1114 933 suis
1139 868 1201 933 Su-

168 979 353 1064 perioribus
376 980 559 1059 exhibeant,
581 980 732 1045 JESUM
757 982 917 1044 Christum
938 983 972 1043 in
994 981 1109 1044 eudem
1123 1002 1201 1043 con-

175 1091 327 1170 siderent,
343 1113 380 1154 ae
395 1102 612 1170 revereantur,
635 1092 765 1155 eosdem
788 1114 828 1155 ex
850 1091 958 1155 animo
980 1102 1019 1154 ut
1039 1099 1150 1176 patres
1165 1090 1200 1153 iu

174 1202 288 1266 eodem
314 1202 461 1286 diligant,
484 1224 521 1265 ac
542 1202 588 1266 sie
610 1202 645 1265 in
668 1202 785 1288 spiritu
807 1201 973 1266 charitatis
990 1201 1024 1265 in
1047 1201 1200 1266 omnibus

173 1314 372 1399 procedant3
395 1325 432 1377 ut
447 1313 530 1377 nihil
544 1337 583 1377 ex
603 1314 743 1378 externis
765 1315 817 1378 vel
839 1314 974 1378 internis
996 1336 1052 1378 eos
1075 1313 1200 1393 celent3

174 1426 253 1510 quin
268 1426 390 1511 potius,
406 1433 444 1488 ut
458 1426 568 1490 omnia
581 1448 715 1512 prorsus
730 1426 924 1512 intelligant,
940 1427 1005 1510 quo
1027 1426 1144 1490 melius
1165 1426 1200 1488 in
1232 1466 1236 1477 ·

172 1538 223 1600 via
239 1538 351 1602 salutis
367 1549 399 1601 et
413 1538 620 1624 perfectionis
636 1561 669 1602 se
686 1539 837 1623 dirigant,
853 1551 964 1624 optare
979 1537 1110 1602 debent.
1155 1538 1201 1602 Et

172 1669 210 1712 ea
240 1650 279 1713 de
309 1671 406 1713 causa
436 1671 548 1714 omnes
577 1656 645 1713 tam
670 1650 822 1730 Professi,
852 1651 949 1735 quam
979 1649 1108 1713 formati
1136 1649 1201 1714 Co-

172 1761 335 1847 adjutores
356 1763 454 1827 semel
479 1763 615 1848 singulis
641 1764 735 1827 annis
765 1764 809 1847 (et
827 1764 956 1850 saepius,
984 1764 1011 1827 si
1034 1763 1200 1848 Superiori

170 1874 277 1938 visum
301 1874 409 1956 fuerit)
438 1875 480 1938 ad
509 1898 584 1939 suas
614 1876 828 1940 conscientias
851 1876 886 1938 in
912 1875 1125 1955 confessione,
1149 1877 1201 1940 vel

172 1987 307 2066 secreti),
322 1988 373 2052 vel
388 1987 449 2050 alia
470 1988 594 2051 ratione
617 1988 721 2051 eidem
743 1988 932 2072 aperiendas
953 1999 1088 2074 propter
1108 2009 1200 2074 mag-

171 2121 247 2161 nam
263 2098 333 2183 ejus
348 2099 394 2162 rei
409 2099 582 2163 utilitatem
595 2100 644 2181 (ut
659 2099 693 2162 in
705 2099 864 2163 Examine
881 2099 1005 2163 dictum
1020 2100 1081 2181 est)
1095 2098 1212 2184 parati

171 2231 240 2273 esse
266 2209 443 2290 debebunt,
467 2222 538 2274 tum
562 2211 660 2274 etiam
684 2213 725 2276 ad
751 2211 986 2276 confessionem
1004 2211 1200 2296 generalem,

171 2342 244 2405 quae
260 2320 300 2384 ab
316 2321 431 2385 ultima
446 2321 587 2405 generali
602 2323 783 2402 inchoetur,
799 2323 839 2402 ei,
855 2344 952 2406 quem
968 2322 1123 2408 Superior
1138 2323 1200 2387 sibi

172 2431 386 2510 substituerit,
401 2432 592 2496 faciendam.

126 2553 145 2610 3
171 2545 296 2609 Omnes
323 2546 364 2609 ad
391 2546 596 2630 Superiorem
624 2569 719 2610 suum
748 2570 811 2627 res,
838 2570 910 2633 quae
937 2549 983 2612 eis
1009 2549 1199 2634 expetendae

169 2657 378 2736 occurrerint,
396 2657 517 2721 deferre
542 2658 682 2722 debente
713 2683 773 2724 nec
795 2661 941 2746 privatus
966 2660 1128 2745 quispiam
1151 2660 1200 2724 di-

169 2769 268 2848 recte,
282 2769 334 2832 vel
348 2769 504 2834 indirecte
519 2770 588 2834 sine
604 2770 673 2856 ejus
689 2772 860 2857 permissu,
875 2785 909 2836 et
923 2771 1168 2857 approbatione,
1181 2794 1200 2835 a

171 2880 306 2943 Summo
323 2880 491 2961 Pontifice,
507 2903 566 2945 nee
589 2882 630 2946 ab
653 2883 715 2947 alio
737 2895 828 2947 extra
843 2884 1038 2949 Societatem
1060 2883 1199 2969 gratiam

170 2993 270 3056 ullam
290 2993 324 3056 in
349 3016 445 3057 suum
472 2995 646 3079 privatum,
670 2996 721 3061 vel
745 2997 877 3061 alterius
901 3020 998 3062 usum
1020 3008 1124 3083 petat,
1143 3008 1199 3062 aut

168 3105 344 3190 petendam
360 3113 470 3169 curete
495 3105 619 3191 sibique
641 3109 845 3194 persuadeat,
867 3109 894 3173 si
916 3132 975 3195 per
990 3109 1198 3194 Superiorem

171 3239 280 3296 suum,
299 3217 351 3281 vel
373 3239 448 3280 cum
467 3217 536 3301 ejus
559 3240 731 3300 consensu,
750 3221 839 3304 quod
856 3229 959 3307 optat,
979 3243 1046 3285 non
1066 3221 1199 3285 obtinu-

170 3328 241 3406 erit,
256 3350 297 3390 ne
313 3327 347 3390 id
363 3328 494 3412 quidem
510 3331 552 3392 ad
567 3330 713 3394 divinum
730 3331 896 3396 servitium
919 3332 981 3396 sibi
1003 3332 1199 3411 convenire3

169 3453 214 3519 et,
230 3441 257 3504 si
272 3442 433 3520 convenit,
449 3464 524 3505 cum
549 3442 730 3528 Superioris
753 3467 926 3525 consensu,
941 3452 980 3508 ut
1001 3444 1058 3529 qui
1077 3446 1200 3510 Christi

169 3553 297 3615 Domini
319 3555 420 3616 nostri
448 3555 546 3617 locum
573 3578 649 3640 erga
673 3556 783 3640 ipsum
811 3568 911 3636 tenet,
929 3557 963 3620 id
984 3578 1018 3620 se
1041 3577 1200 3621 consecu-

171 3674 292 3727 turum.
