2646 4732
78 166 88 195 Q

115 331 156 389 66

137 1154 152 1209 l

134 1712 153 1768 2

496 343 822 389 consrlrurlonuu

179 510 297 575 dentiae
312 531 349 574 ao
363 509 517 596 probitati
535 512 640 575 aDeo
663 510 726 596 ipsi
748 510 877 592 donata)
901 509 1110 590 commiserit,
1131 532 1202 597 spe-

177 633 277 688 retur.

259 917 306 959 DE
324 916 426 959 MODO
444 916 679 959 ADMITTENDI
697 917 747 959 AD
765 917 1056 961 PROFESSIONEM·

178 1146 340 1212 Quasno
356 1146 466 1231 aliqui,
481 1157 611 1231 peracto
629 1145 828 1232 probationis
851 1159 1007 1233 tempore,
1023 1161 1056 1212 et
1078 1149 1202 1234 experi-

177 1258 306 1338 mentis,
321 1281 358 1322 ao
373 1257 454 1338 aliis,
470 1280 542 1342 quae
562 1259 596 1321 in
611 1258 770 1322 Examine
793 1258 1012 1339 continentur,
1035 1260 1202 1340 confectis,

178 1371 219 1435 ad
240 1371 472 1458 professionem
495 1370 687 1434 admittendi
709 1371 851 1451 fuerint3
877 1371 952 1435 oum
972 1372 1136 1452 Societati,
1151 1373 1203 1436 vel

177 1481 247 1567 ejus
264 1482 441 1568 Praeposito
455 1482 606 1546 Generali
621 1482 717 1566 plene
733 1482 823 1545 sitin
834 1482 976 1546 Domino
989 1482 1201 1563 satisfactum,

176 1594 332 1680 professio
346 1596 409 1659 hoc
424 1594 532 1673 modo,
548 1594 604 1678 qui
619 1593 775 1677 sequitur,
791 1593 966 1658 emittetur.

179 1704 352 1791 Inprimis
373 1705 570 1791 Praepositus
595 1704 773 1784 Generalis,
795 1705 847 1769 vel
868 1705 925 1790 qui
947 1719 1080 1792 accepta
1102 1707 1142 1771 ab
1164 1730 1200 1771 eo

176 1817 339 1898 facultate,
358 1819 400 1882 ad
425 1817 658 1904 professionem
685 1817 846 1897 admittet,
868 1830 1042 1903 postquam
1062 1819 1201 1905 publicae

154 1929 283 2008 ,missae
299 1929 492 1994 sacrificium
507 1929 660 1993 obtulerit
679 1928 714 1991 in
737 1928 870 1993 ccclesia
886 1951 993 1994 coram
1016 1930 1201 1995 domesticis

131 2723 151 2780 3

176 2052 208 2105 et
223 2041 293 2105 aliis
309 2041 460 2121 externis,
476 2041 532 2126 qui
546 2040 762 2120 interfuerint,
778 2063 854 2104 cum
869 2041 1072 2105 sanctissimo
1090 2043 1200 2106 Sacra-

175 2166 285 2218 mento
308 2153 522 2217 Eucharistiae
545 2153 587 2216 ad
609 2176 694 2233 eum,
714 2152 771 2237 qui
792 2152 1025 2238 professionem
1040 2164 1091 2217 est
1106 2153 1200 2216 emis-

176 2268 292 2348 surus,
305 2291 338 2332 se
361 2279 548 2333 convertatt
581 2268 640 2332 Ille
663 2278 772 2332 autem
792 2267 940 2333 absoluta
961 2269 1102 2354 generali
1124 2292 1200 2334 con-

174 2381 324 2459 fessione,
340 2391 373 2444 et
387 2379 504 2459 verbis,
520 2402 592 2464 quae
616 2391 690 2443 ante
714 2380 976 2445 communionem
999 2381 1062 2445 dici
1084 2382 1199 2462 solent,

174 2513 251 2555 voce
267 2490 332 2554 alta
346 2491 469 2555 Votum
485 2512 581 2553 suum
597 2490 755 2576 scripturn
774 2492 874 2575 (quod
896 2491 1018 2576 aliquot
1041 2503 1115 2557 ante
1132 2493 1199 2556 dies

175 2603 425 2669 consideraverit
440 2603 579 2689 oportet)
596 2603 704 2687 leget3
727 2603 820 2688 cujus
835 2605 974 2668 formula
988 2606 1058 2668 haec
1073 2617 1133 2670 est.

175 2716 258 2800 Ego.
285 2715 329 2778 N.
354 2714 586 2800 professionem
615 2714 709 2794 facio,
735 2722 768 2778 et
792 2715 959 2801 promitt0,
985 2717 1199 2801 omnipotenti

175 2830 247 2892 Deo
259 2848 370 2920 coram
386 2827 455 2912 ejus
470 2827 604 2912 Virgine
620 2838 733 2906 matre,
749 2838 782 2890 et
797 2827 947 2891 universa
964 2828 1085 2892 coelesti
1100 2829 1199 2907 curia,

174 2962 211 3003 ac
242 2938 392 3004 omnibus
428 2938 713 3018 circunstantibus,
743 2949 776 3002 et
805 2938 865 3002 tibi
892 2940 979 3003 Patri
1009 2942 1198 3005 Reverendo

174 3051 352 3137 Praeposito
369 3051 521 3115 Generali
536 3050 705 3115 Societatis
721 3050 744 3115 J
745 3073 803 3114 esu
825 3053 925 3115 locum
939 3053 1001 3116 Det
1024 3055 1151 3133 tenenti,
1167 3061 1199 3117 et

174 3164 413 3228 successoribus
435 3163 520 3243 tuis3
550 3162 611 3243 vel,
631 3162 692 3227 tibi
712 3163 900 3227 Reverendo
925 3164 1012 3228 Patri
1034 3163 1103 3229 vice
1120 3166 1199 3229 Pro-

172 3276 271 3362 positi
302 3274 469 3340 Generalis
501 3274 670 3339 Societatis
694 3274 776 3339 Jesu
807 3282 839 3338 et
870 3270 1092 3339 successorum
1117 3276 1198 3362 ejus,

173 3392 272 3454 locam
286 3390 348 3452 Dei
372 3389 498 3466 tenenti,
518 3397 710 3472 perpetuam
734 3387 973 3472 Paupertatem,
995 3388 1198 3468 Castitatem,

172 3509 205 3564 et
231 3498 470 3577 Obedientiam,
498 3508 530 3561 et
555 3498 734 3563 secundum
764 3520 846 3578 eam,
870 3501 1064 3581 peculiarem
1090 3521 1199 3564 curam

172 3617 258 3677 circo
282 3632 454 3694 puerorum
480 3612 694 3690 eruditionem,
722 3610 819 3695 juxta
841 3612 978 3674 formam
1008 3611 1137 3676 vivendi
1163 3613 1198 3676 in

171 3708 288 3788 litteris
302 3722 498 3808 Apostolicis
515 3723 684 3788 Societatis
700 3722 792 3803 Jcsu,
808 3722 890 3786 etin
913 3723 982 3808 ejus
1000 3724 1197 3788 Constituti-

172 3835 288 3899 onibus
305 3846 500 3899 contentam.
546 3835 686 3919 Insuper
707 3833 862 3919 promitto
886 3835 1057 3920 specialem
1074 3835 1199 3899 Obedi-

172 3946 292 4011 entiam
308 3970 434 4013 summo
445 3946 595 4013 Pontifici
611 3947 695 4011 circa
709 3945 897 4027 missiones3
919 3959 1016 4033 prout
1028 3947 1063 4012 in
1074 3948 1197 4014 eisdem
