2646 4732
529 353 622 396 rans
645 353 803 398 cerave.
1145 336 1186 410 97

160 519 220 584 bit.
266 519 332 584 Hic
347 529 456 583 autem
470 517 619 584 Vicarius
638 521 686 603 (ut
700 519 889 605 plurimirm)
907 541 993 583 unus
1009 541 1049 583 ex
1062 519 1102 584 iis
1118 520 1188 599 erit,

162 632 218 717 qni
242 633 355 697 adesse
378 631 568 716 Praeposito,
592 644 625 695 et
646 632 755 718 ipsum
784 632 897 717 juvare
918 632 1004 696 soliti
1028 644 1116 712 sunt,
1137 633 1189 696 vel

163 744 248 808 certe
270 766 311 808 ex
332 744 383 823 iis,
406 743 463 828 qui
480 743 627 829 proxime
647 744 781 829 degunt.
828 743 938 829 Hujus
960 744 1102 808 officium
1117 743 1188 825 erit,

164 838 358 920 Societatem
388 856 430 920 ad
464 855 654 919 electionem
685 855 856 940 Praepositi
885 855 1076 936 faciendam,
1105 878 1188 940 prae-

164 966 283 1053 scripto
297 979 454 1053 tempore,
470 978 503 1030 et
521 967 603 1046 loco,
619 989 684 1051 quo
707 968 877 1033 convenire
898 979 1055 1053 oporteat,
1070 990 1189 1032 convo-

164 1100 246 1143 care.

128 1188 304 1256 tGuando
331 1212 398 1254 non
429 1190 470 1254 ad
500 1190 690 1254 electionem
720 1202 935 1275 congregatur
959 1191 1123 1270 Societas3
1154 1191 1189 1255 in

166 1301 233 1365 aliis
258 1302 431 1366 eventibus
462 1301 659 1388 Praepositus
686 1302 854 1367 Generalis
885 1325 955 1365 eam
986 1303 1188 1381 convocabit,

165 1425 399 1501 praeterquam
423 1415 457 1479 in
477 1415 551 1494 illis,
573 1416 629 1500 qui
653 1415 687 1479 in
711 1439 799 1480 nona
827 1429 918 1502 parte
946 1417 1188 1503 exprimentur:

167 1541 198 1592 et
222 1551 288 1594 non
319 1528 528 1614 congregabit
557 1529 742 1613 frequenter
773 1529 977 1609 Societatem,
1001 1542 1039 1595 ut
1063 1531 1188 1595 dictum

167 1654 237 1722 est3
274 1642 338 1707 nisi
367 1664 475 1706 rernm
505 1642 703 1727 agendarum
734 1642 908 1706 necessitas
938 1655 1079 1727 urgeret.
1124 1644 1190 1708 Sed

168 1755 237 1819 clun
252 1754 411 1841 generalis
427 1753 644 1839 Congregatio
660 1755 701 1817 ad
721 1755 910 1819 electionem
927 1756 1097 1840 Praepositi
1112 1778 1189 1820 con-

168 1878 276 1932 vocata
290 1890 366 1931 eum
383 1865 453 1952 jam
468 1865 618 1951 elegerit3
641 1866 758 1930 deinde
774 1867 925 1931 derebus
945 1867 1015 1931 aliis
1037 1867 1190 1952 graviori-

168 1978 236 2058 bus,
251 2001 349 2064 quam
363 1989 403 2042 ut
417 2000 437 2041 a
453 1977 604 2042 Generali
620 1990 652 2042 et
667 1978 717 2058 iis,
733 1979 790 2063 qui
811 2002 887 2043 cum
909 1979 981 2064 ipso
1005 1990 1118 2064 agunt,
1134 1981 1190 2044 de-

170 2089 228 2154 cidi
242 2090 393 2170 debeant,
408 2090 539 2154 tractari
552 2089 684 2176 poterit.

219 2483 266 2526 nn
284 2481 390 2540 noco,
405 2479 593 2538 rannone,
609 2479 655 2522 nr
671 2466 774 2522 nono
792 2474 1072 2520 concanoannr.

138 2736 151 2794 l
171 2733 299 2814 Locos,
314 2756 380 2818 quo
396 2731 565 2796 conveniet
582 2729 725 2796 Societas
741 2730 783 2793 ad
800 2728 967 2792 Generalis
990 2727 1192 2805 electionem,

170 2845 292 2910 videtur
321 2844 481 2909 ordinarie
511 2845 600 2907 curia
624 2842 742 2906 summi
768 2840 936 2904 Pontificis
966 2863 1036 2904 esse
1066 2839 1193 2918 debere,

170 2957 221 3021 ubi
249 2957 428 3042 plurimirm
459 2955 520 3018 erit
554 2955 657 3040 ipsius
689 2952 858 3017 Generalis
894 2951 1093 3030 residentia3
1131 2949 1193 3013 nisi

172 3067 310 3133 Societas
333 3091 373 3131 ex
396 3067 575 3153 composito
599 3065 857 3130 conveniendum
878 3085 947 3127 esse
974 3063 1008 3124 in
1027 3061 1126 3124 alium
1145 3061 1194 3124 lo-

170 3203 250 3261 cum,
263 3181 320 3266 qui
335 3179 534 3245 commodior
549 3178 701 3243 omnibus
715 3179 845 3241 futurus
857 3186 952 3254 esset,
964 3184 1133 3237 statueret:
1155 3184 1193 3236 ut

171 3294 194 3358 si
208 3295 280 3380 quis
304 3294 339 3358 in
362 3293 503 3358 confinio
526 3292 725 3357 diversarum
749 3289 1003 3366 Provinciarum,
1018 3286 1051 3350 in
1075 3285 1193 3370 quibus

170 3417 275 3470 manet
299 3405 454 3484 Societas,
476 3415 562 3468 esset
588 3403 797 3480 constitutus,
817 3400 869 3464 vel
893 3400 985 3478 alius,
1012 3397 1068 3482 qui
1090 3396 1194 3481 magis

171 3517 394 3582 accommodus
424 3516 596 3580 videretur.
643 3514 678 3578 Si
709 3512 907 3598 Praepositus
940 3509 1107 3575 Generalis
1133 3519 1194 3588 est,

171 3630 220 3714 qui
236 3629 433 3695 Societatem
448 3628 490 3691 ad
505 3627 566 3690 alia
581 3625 712 3711 negotia
726 3635 920 3709 congregat:
951 3621 1021 3707 ejus
1044 3620 1115 3699 erit,
1137 3620 1194 3683 eli-

173 3764 239 3827 gere
270 3765 308 3806 ac
339 3741 507 3826 designare
538 3740 658 3819 locum,
688 3761 787 3823 quem
816 3737 850 3800 in
871 3736 1015 3800 Domino
1037 3733 1193 3819 aptiorem

171 3853 366 3938 judicaverit.

146 3967 160 4023 2
177 3967 213 4030 At
228 3966 370 4052 spatium
386 3964 554 4050 temporis,
570 3964 659 4049 quod
675 3961 830 4047 cogendae
847 3956 1001 4022 Societati
1021 3957 1194 4036 tribuetur,
1295 4004 1301 4009 .

178 4077 225 4141 ubi
249 4079 288 4142 de
314 4076 472 4142 electione
501 4075 669 4141 Generalis
696 4073 860 4159 agendum
887 4080 947 4148 est,
973 4069 1116 4153 quinque
1138 4079 1195 4131 aut

1136 4312 1290 4450 Α
