2646 4732
535 356 626 400 rans
651 357 778 402 saxna,
1141 344 1181 418 79

162 523 366 589 Scholasticis
389 522 559 588 Societatis
581 523 616 587 in
638 524 744 589 causis
765 523 925 605 civilibus,
940 525 1060 591 nedum
1076 527 1183 593 crimi-

160 638 296 717 nalibus,
325 658 359 702 se
384 638 561 702 euumiuori
593 639 678 716 (uisi,
705 640 759 720 qui
789 641 833 702 ud
853 647 1019 722 peccatum
1044 642 1183 725 oblipore

153 756 270 832 potest,
300 749 510 830 compelleret)
542 748 609 811 siue
639 749 767 812 licentio
797 750 979 832 Superioris
1002 754 1183 834 permittat.

160 859 313 945 Superior
332 870 442 923 autem
462 880 534 923 eam
558 858 691 922 minimi
709 858 810 940 dabit,
832 860 896 925 nisi
917 861 952 925 in
972 862 1088 942 causis,
1110 885 1183 948 quae

158 971 199 1035 ad
214 971 419 1056 Religionem
435 969 637 1034 catholicam
652 969 827 1055 pertinent,
841 971 894 1036 vel
915 972 1034 1057 alioqui
1055 973 1091 1037 in
1110 973 1184 1059 piis,

159 1105 230 1168 quae
252 1082 298 1147 sic
321 1083 443 1146 cedunt
467 1081 503 1144 in
522 1080 622 1166 hujus
647 1082 801 1161 favorem,
822 1092 861 1147 ut
879 1083 913 1147 in
932 1085 1063 1149 alterins
1087 1087 1185 1150 detri-

158 1206 306 1259 mentum
321 1217 388 1259 non
403 1194 539 1270 cedant3
563 1193 835 1278 Quandoquidem
848 1196 996 1262 Instituti
1010 1198 1113 1263 nostri
1124 1211 1185 1278 est,

158 1307 226 1371 sine
241 1306 437 1391 cujusquam
452 1305 640 1384 offensione,
650 1317 810 1389 quantum
826 1308 895 1372 fieri
909 1320 1030 1393 potest,
1038 1310 1184 1374 omnium

159 1419 192 1481 in
207 1418 352 1483 Domino
368 1417 547 1482 commodis
563 1416 728 1482 inservire.

128 1737 170 1779 DE
185 1735 356 1794 AUXILIO,
373 1735 472 1784 QUOD
490 1735 747 1779 MORIENTIBUS
765 1736 805 1778 IN
823 1735 1037 1794 SOCIE'l'A‘l'E,
1053 1738 1098 1780 ET
1115 1738 1162 1779 DE

172 1847 403 1906 SUFFRAGIIS,
418 1848 500 1895 QUAE
518 1847 683 1890 Mouruls
701 1847 830 1889 EADEM
848 1848 1111 1892 PRAESTANTUR·

550 1949 648 2015 CAP.
672 1950 733 2014 IV.

129 2081 140 2135 l
163 2073 214 2139 Ur
229 2074 265 2137 in
279 2073 348 2138 vita
361 2073 522 2152 universa,
536 2072 583 2136 ita
597 2084 630 2137 et
645 2073 680 2136 in
701 2083 805 2136 morte
828 2076 861 2136 et
882 2072 986 2135 multo
1007 2072 1186 2157 impensius

162 2185 384 2270 unusquisque
400 2185 440 2249 de
450 2184 611 2248 Societate
627 2184 717 2264 eniti,
729 2195 762 2248 et
770 2205 881 2246 curare
891 2183 998 2264 debet,
1006 2194 1044 2247 ut
1055 2183 1090 2247 in
1102 2185 1186 2269 seip-

163 2319 195 2362 so
210 2299 303 2363 Deus
319 2319 356 2361 ac
371 2296 534 2362 Dominus
557 2308 668 2360 noster
690 2295 829 2360 JESUS
853 2293 1005 2359 Christus
1026 2294 1186 2380 glorifice-

164 2419 224 2489 tur,
238 2408 407 2494 ipsiusque
422 2407 663 2492 beneplacitum
678 2405 862 2491 impleatur,
877 2417 910 2470 et
932 2405 1071 2491 proximi
1085 2407 1186 2470 aedifi-

164 2531 286 2600 centur,
301 2520 416 2584 saltem
431 2520 466 2584 in
482 2519 630 2605 exemplo
645 2517 822 2603 patientiae,
837 2540 874 2581 ac
889 2517 1100 2599 fortitudinis,
1111 2540 1187 2583 cum

165 2632 224 2696 fide
238 2631 324 2711 viva,
339 2654 376 2696 ac
392 2653 461 2716 spe,
476 2639 509 2695 et
524 2652 632 2695 amore
654 2630 816 2694 bonorum
837 2628 966 2693 illorum
981 2641 1187 2711 aeternorum,

165 2765 233 2828 quae
258 2744 354 2809 nobis
379 2743 531 2807 Christus
556 2741 719 2807 Dominus
749 2752 861 2806 noster
889 2753 957 2806 tam
986 2742 1188 2829 incompara-

165 2856 280 2921 bilibus
310 2856 386 2920 vitae
417 2878 484 2920 suae
515 2854 702 2940 temporalis
730 2853 907 2934 laboribus,
930 2865 963 2918 et
986 2863 1089 2920 morte
1112 2877 1187 2941 pro·

165 2969 290 3048 meruit,
310 2981 344 3033 et
365 2967 545 3052 acquisivit.
592 2966 677 3031 Ciun
703 2977 813 3030 tamen
833 2988 978 3052 persaepe
1000 2967 1187 3052 hujusmodi

166 3081 204 3145 sit
217 3080 324 3145 morbi
343 3081 436 3159 ratio,
458 3091 496 3143 ut
510 3100 608 3142 usum
625 3077 742 3143 virium
764 3077 881 3142 animae
902 3100 1021 3162 magna
1035 3101 1075 3142 ex
1096 3091 1187 3165 parte

165 3194 339 3280 impediat3
370 3194 510 3278 cumque
529 3190 718 3277 hujusmodi
744 3190 787 3255 sit
812 3191 865 3254 ille
889 3191 908 3254 a
929 3190 1098 3275 temporali
1121 3191 1188 3256 vita

166 3306 318 3370 transitus
339 3317 377 3369 ut
394 3316 529 3390 propter
553 3325 667 3388 graves
689 3301 952 3387 impugnationes
972 3302 1140 3366 Daemonis
1159 3304 1189 3385 (a

167 3438 226 3500 quo
242 3439 448 3502 summopere
463 3417 560 3479 refert
575 3426 655 3479 tunc
671 3436 738 3477 non
754 3414 908 3499 superari)
926 3413 1068 3498 requirat
1089 3435 1188 3498 pecu-

166 3527 231 3592 liari
255 3529 353 3592 modo
378 3528 560 3592 subsidium
584 3527 733 3590 fraternae
760 3525 924 3590 charitatis
936 3551 946 3604 3
977 3524 1112 3588 sollicite
1132 3525 1189 3588 ad-

167 3653 265 3705 vertat
282 3640 447 3726 Superior,
462 3651 511 3719 ut,
527 3639 583 3725 qui
600 3638 696 3724 juxta
711 3637 835 3701 Medici
858 3638 1050 3701 sententiam
1067 3638 1108 3701 de
1122 3637 1189 3702 vita

167 3752 372 3834 periclitatur,
403 3763 576 3836 antequam
607 3772 670 3814 usu
701 3748 817 3834 judicii
852 3749 1007 3834 privetur,
1037 3749 1189 3812 omnibus

169 3862 380 3928 Sacramentis
406 3864 525 3927 sanctis
547 3862 705 3948 ,acceptia
731 3872 886 3945 tanquam
913 3860 1009 3925 armis
1036 3883 1055 3924 a
1081 3860 1190 3925 divina

168 3973 351 4049 liberalitate
383 3975 505 4040 Christi
535 3975 670 4040 Domini
700 3973 802 4038 nostri
832 3972 925 4036 nobis
952 3973 1123 4051 concessis
1148 3973 1189 4036 ad
