2646 4732
520 373 611 416 rans
636 373 762 416 ssxrs.
1144 357 1185 432 77

165 535 263 600 tiones
279 535 445 601 charitatis
465 548 562 622 atque
585 537 777 602 obedientiae
799 537 999 623 permittent,
1014 560 1082 602 non
1096 539 1185 604 vide-

163 659 214 711 tur
228 648 262 710 in
284 647 336 728 iis,
359 670 433 733 quae
455 649 497 712 ad
519 649 708 729 orationem,
723 649 977 729 meditationem,
993 661 1025 713 et
1041 650 1186 715 studium

161 759 334 844 pertinent,
354 768 393 823 ut
414 783 474 824 nec
496 760 530 823 in
554 760 710 846 corporali
733 761 958 826 exercitatione
975 761 1185 847 jejuniorum,

161 871 352 955 vigiliarum,
374 883 431 935 aut
451 871 585 935 aliarum
610 895 719 936 rerum
739 873 781 937 ad
803 874 1023 938 austeritatem
1045 875 1096 939 vel
1116 898 1184 939 cor-

159 982 246 1066 poris
275 982 522 1067 castigationem
552 984 769 1069 spectantium
799 984 866 1048 ulla
894 985 1006 1070 regula
1031 985 1076 1050 eis
1102 1009 1184 1072 prae-

160 1092 339 1173 scribenda,
362 1094 425 1157 nisi
448 1116 545 1178 quam
563 1095 701 1159 discreta
722 1095 861 1159 charitas
885 1095 1060 1181 unicuique
1084 1097 1185 1162 dicta-

158 1205 256 1271 verit:
289 1206 369 1270 dum
394 1218 503 1270 tamen
524 1229 651 1293 semper
675 1208 899 1273 Confessarius
922 1210 1119 1288 consulatur,
1141 1223 1184 1289 et,

160 1317 214 1380 ubi
229 1317 368 1381 dubium
384 1318 546 1396 acciderit,
562 1319 642 1402 quid
656 1320 838 1398 conveniat,
853 1343 904 1383 res
920 1321 961 1384 ad
978 1321 1183 1406 Superiorem

158 1429 322 1493 referatur.
370 1430 444 1493 Hoc
459 1438 568 1493 tamen
585 1430 710 1495 dicetur
732 1431 766 1493 in
788 1431 997 1511 universum3
1020 1454 1090 1496 esse
1113 1433 1184 1517 qui-

160 1540 230 1603 dem
247 1540 582 1619 animadvertendum,
592 1563 634 1605 ne
649 1541 769 1605 nimius
784 1541 973 1626 hujusmodi
987 1565 1095 1607 rerum
1105 1551 1197 1608 usus'

160 1637 326 1736 tantopere
352 1651 436 1716 vires
459 1652 601 1738 corporis
632 1652 788 1731 debilitet,
814 1664 1006 1738 tantumque
1031 1656 1185 1740 temporis

159 1785 212 1826 eos
235 1762 391 1827 distineat
403 1789 413 1842 3
443 1775 480 1827 ut
502 1763 618 1827 deinde
642 1763 801 1849 spirituali
822 1764 1043 1849 proximorum
1066 1767 1183 1830 auxilio

156 1873 249 1958 juxta
263 1873 368 1937 nostri
384 1874 532 1938 Instituti
554 1874 713 1938 rationem
735 1896 802 1938 non
825 1875 1006 1940 sufficiant:
1031 1899 1090 1940 nec
1106 1899 1184 1941 eon-

160 1995 206 2048 tra
225 1992 318 2049 tanta
333 1984 368 2048 in
383 1984 446 2049 illis
465 1985 511 2049 ,sit
532 1986 707 2065 relaxati03
737 1996 785 2065 ut,
800 1986 923 2050 fervore
939 1986 1072 2071 spiritus
1094 1988 1184 2051 refri-

160 2105 320 2181 gescente,
335 2097 470 2161 humani
485 2118 522 2160 ac
537 2097 703 2162 inferiores
719 2098 853 2162 affectus
868 2097 1075 2162 incalescant.

128 2208 442 2272 tSaoramentorum
463 2209 679 2292 frequentatio
701 2208 793 2272 valde
809 2209 1064 2272 commendetur.
1109 2209 1184 2273 Dif-

160 2319 230 2384 ferri
252 2330 363 2384 autem
385 2341 452 2384 non
475 2320 571 2385 debet
587 2320 793 2399 Communio,
816 2327 873 2383 aut
894 2319 992 2383 missa
1014 2319 1183 2385 celebratio

162 2433 225 2498 sine
248 2433 355 2498 causis
372 2432 496 2517 judicio
518 2433 698 2519 Superioris
720 2432 873 2517 legitimis
895 2433 980 2497 ultra
1002 2446 1075 2497 octo
1095 2433 1182 2498 dies:

162 2567 334 2630 omnesque
360 2545 524 2630 assignato
552 2545 612 2609 sibi
638 2545 853 2624 Confessario,
873 2545 925 2609 vel
950 2545 1069 2631 alioqui
1088 2545 1184 2631 juxta

162 2658 315 2737 ordinem,
331 2680 428 2742 quem
447 2657 584 2741 quisque
605 2657 832 2743 praescriptum
853 2657 951 2721 habet
967 2679 986 2721 a
1001 2658 1183 2744 Superiore,

163 2770 386 2833 confiteantur.

131 2881 210 2946 anx
236 2883 372 2968 Regalis
397 2882 658 2968 particularibus,
684 2904 758 2966 quae
783 2882 819 2945 in
843 2882 1016 2962 Domibus,
1040 2882 1097 2947 ubi
1120 2883 1183 2968 ipsi

163 2995 287 3074 suerint,
299 2996 521 3074 observantur,
537 2995 657 3059 debent
672 3016 803 3081 operam
819 2995 904 3075 dare,
919 3007 957 3059 ut
972 3007 1182 3079 campartem

164 3108 329 3173 observent
344 3130 417 3192 quae
433 3108 627 3172 conveniens
643 3115 703 3186 est,
719 3130 756 3171 ac
773 3106 897 3192 judicio
908 3107 1088 3193 Superioris
1103 3107 1183 3192 ipsis

163 3220 363 3307 imponetur3
394 3221 460 3285 sive
483 3222 524 3284 ad
545 3222 727 3306 profectum
751 3221 803 3284 vel
822 3221 1068 3285 aedificationem
1090 3242 1183 3284 suam

164 3331 193 3397 id
206 3334 259 3413 sit,
275 3333 342 3397 sive
357 3333 454 3397 etiam
469 3332 615 3412 aliorum,
630 3333 715 3396 inter
730 3355 811 3417 quos
826 3345 1004 3397 versantur.

133 3444 325 3510 llluoniam
360 3445 600 3530 occupationes,
635 3466 707 3528 quae
745 3444 786 3508 ad
820 3443 1000 3509 animarum
1030 3443 1184 3508 auxilium

165 3568 380 3635 assumuntur,
410 3556 521 3640 magni
550 3555 707 3620 momenti
731 3567 819 3634 sunt,
843 3578 880 3620 ac
906 3557 1009 3620 nostri
1036 3555 1183 3620 Instituti

164 3668 307 3753 propriae,
337 3675 371 3730 et
399 3667 492 3732 valde
522 3668 726 3751 frequentes3
759 3689 899 3752 cumque
928 3667 1047 3751 alioqui
1073 3675 1184 3732 nostra

164 3777 313 3843 habitatio
334 3792 401 3842 tam
426 3779 468 3842 sit
491 3779 525 3842 111
552 3780 613 3843 hoc
637 3779 689 3843 vel
711 3779 746 3842 in
769 3779 824 3842 illo
850 3780 920 3842 loco
942 3778 1084 3841 incerta:
1116 3802 1183 3843 non

165 3900 289 3954 utentur
311 3890 413 3955 nostri
435 3891 532 3955 choro
555 3891 596 3953 ad
614 3891 710 3954 horas
733 3890 915 3966 canonicas,
936 3889 988 3952 vel
1009 3889 1135 3969 missas,
1150 3898 1183 3954 et

166 4001 219 4064 alia
231 4004 337 4067 officia
352 4003 574 4067 decantanda:
598 4002 861 4087 quandoquidem
881 4001 955 4079 illis,
978 4023 1060 4085 quos
1082 4002 1124 4065 ad
1145 4025 1183 4066 ea

167 4115 315 4180 audienda
330 4116 459 4180 devotio
474 4115 620 4195 moverit,
637 4116 765 4180 abunde
781 4124 932 4200 suppetet
954 4113 1011 4178 ubi
1027 4113 1088 4177 sibi
1103 4114 1183 4199 ipsis
