2646 4732
528 351 619 392 rnns
645 351 807 398 cunnum
1166 340 1204 394 41

172 514 362 595 deliberent,
387 514 513 599 sibique
543 516 770 600 persuadeant,
800 515 882 579 nihil
911 515 1034 601 gratius
1065 538 1098 580 se
1129 517 1201 581 Deo

173 627 316 691 facturos
331 627 366 690 in
383 626 548 712 Collegiis,
564 628 661 713 quam
677 628 704 691 si
720 650 795 691 cum
818 650 856 691 ca
877 627 1069 707 intentione,
1086 628 1125 692 de
1142 651 1206 712 qua

174 737 300 802 dictum
325 751 386 818 est,
413 739 528 803 studiis
556 761 590 803 se
621 739 791 824 diligenter
814 739 1016 824 impendant.
1061 739 1106 802 Et
1131 739 1207 804 licet

173 872 344 935 nunquam
365 851 407 915 ad
430 851 609 915 exercenda
631 873 678 931 ea,
701 873 774 936 quae
798 850 978 931 didicerint,
994 850 1183 936 perveniant
1195 877 1204 931 3

173 961 264 1025 illum
281 973 391 1026 tamen
408 962 562 1026 studendi
582 962 726 1027 laborem
741 985 781 1027 ex
804 961 987 1027 obedientia
1002 973 1034 1026 et
1050 962 1204 1027 charitate

176 1075 224 1158 (ut
239 1097 302 1160 par
317 1075 378 1158 est)
398 1086 599 1161 susceptum,
614 1098 698 1161 opus
717 1097 786 1139 esse
809 1075 920 1161 magni
941 1075 1048 1140 meriti
1069 1075 1104 1138 in
1127 1097 1204 1140 con-

171 1194 287 1272 speetu
303 1187 421 1251 divinae
438 1209 475 1251 ac
491 1209 626 1253 summae
642 1187 826 1273 Majestatis
842 1188 930 1273 apud
945 1210 979 1252 se
995 1199 1150 1253 statuant.

131 1305 149 1361 3
174 1298 418 1384 lmpedimenta
433 1299 529 1363 etiam
544 1312 781 1379 removeantur,
797 1322 870 1384 quae
887 1322 905 1363 a
925 1299 1041 1363 studiis
1057 1300 1202 1363 animum

171 1420 320 1491 avocant,
347 1419 415 1475 tam
440 1411 648 1477 devotionum
675 1434 712 1475 ac
738 1411 1035 1490 mortificationum,
1056 1433 1129 1496 quae
1150 1412 1202 1476 vel

171 1523 280 1587 nimiae
295 1524 348 1588 vel
363 1522 431 1588 sine
447 1523 560 1588 ordine
576 1523 686 1588 debito
702 1523 934 1609 suscipiuntur,
944 1523 1041 1608 quim
1051 1545 1201 1587 curarum

171 1646 203 1697 et
217 1634 483 1721 occupationum,
499 1658 571 1721 quae
588 1635 676 1700 domi
690 1635 725 1698 in
741 1634 854 1699 officiis
870 1634 1066 1717 domesticis,
1076 1646 1108 1699 et
1123 1634 1200 1698 foris
1292 1645 1300 1659 ’

171 1747 352 1832 colloquiiS,
384 1747 651 1828 confessionibus,
688 1729 785 1831 atque
824 1746 893 1811 aliis
931 1770 1006 1833 erga
1036 1746 1199 1833 proximos

171 1859 396 1925 functionibus
416 1872 644 1929 assumuntur:
677 1871 836 1944 quatenus
859 1859 899 1924 ab
922 1859 968 1924 eis
993 1859 1145 1924 declinari
1165 1859 1199 1923 in

172 1972 315 2037 Domino
336 1973 466 2058 poterit.
511 1974 573 2038 Est
597 1973 684 2037 enim
708 1971 878 2052 laudabile,
906 1974 971 2057 qub
995 1972 1064 2037 aliis
1087 1981 1201 2058 postea

172 2083 315 2150 utiliores
340 2107 415 2149 cum
445 2086 603 2166 doctrina,
633 2107 731 2170 quam
758 2084 939 2165 didicerint,
964 2107 997 2148 se
1021 2083 1198 2169 praebeant,

172 2194 360 2282 hujusmodi
375 2196 526 2262 exercitia
537 2196 623 2282 (licet
638 2197 703 2283 pia)
717 2177 820 2261 donec
836 2194 944 2259 studia
959 2194 1025 2259 sint
1040 2194 1197 2274 absoluta,

171 2307 299 2374 differri.
346 2310 391 2374 Et
420 2310 491 2374 haec
522 2310 654 2394 quidem
692 2309 800 2374 omnia
836 2306 949 2393 majori
984 2331 1059 2372 cum
1089 2307 1198 2372 studio

170 2419 317 2505 obsequii
332 2432 364 2486 et
379 2421 489 2508 gloriae
505 2420 622 2486 divinae
637 2421 728 2485 fiant.

132 2530 211 2594 41n
236 2531 417 2618 disciplinis
443 2533 522 2597 ordo
553 2534 730 2598 servandus
755 2543 815 2612 est,
838 2542 877 2595 ut
902 2529 992 2615 prius
1018 2529 1052 2593 in
1079 2529 1197 2595 Latina
1260 2615 1263 2620 ¹

169 2641 280 2728 lingua
310 2643 451 2708 solidum
482 2644 606 2729 jaciant
639 2645 901 2722 fundamentum,
938 2663 1035 2725 quam
1065 2641 1196 2707 Artium

169 2753 360 2834 liberalium,
375 2767 407 2820 et
422 2755 457 2819 in
472 2755 522 2836 iis,
538 2767 712 2840 antequam
727 2752 912 2838 Theologiae
929 2753 1148 2834 Scholastieae,
1164 2766 1196 2818 et

171 2865 299 2950 quidem
323 2865 359 2930 iu
388 2868 460 2947 hac,
484 2868 657 2953 antequam
682 2865 832 2930 Positivae
863 2864 979 2929 studiis
1004 2887 1037 2929 se
1064 2866 1195 2930 dedant.

171 2975 274 3041 Sacrae
291 2976 460 3064 scripturae
475 2979 527 3043 vel
549 2979 662 3044 eodem
684 2988 840 3063 tempore,
855 2977 907 3040 vel
929 2982 1042 3061 postea
1063 2976 1193 3040 tractari

169 3096 332 3173 poterunt.

132 3207 148 3262 5
170 3200 305 3287 Linguae
329 3225 404 3266 vero
426 3203 499 3284 illae,
522 3204 557 3267 in
579 3203 698 3288 quibus
721 3202 849 3287 scriptte
868 3199 919 3265 vel
934 3220 1033 3263 versae
1048 3198 1191 3277 fuerunt,

170 3312 267 3397 prius,
283 3325 341 3377 aut
361 3314 534 3400 posterius,
549 3323 587 3379 ut
603 3314 766 3400 Superiori
780 3335 840 3399 pro
855 3311 1007 3376 varietate
1022 3330 1191 3374 causarum

169 3427 418 3507 occurrentium,
433 3450 470 3492 ac
485 3428 668 3493 diversitate
690 3448 902 3513 personarum
924 3424 1095 3503 videbitur,
1111 3420 1191 3486 disci

167 3547 330 3624 poterunt.
376 3541 491 3627 Itaque
513 3543 592 3607 ordo
619 3540 778 3627 temporis
797 3540 867 3626 ejus
890 3538 1071 3626 prudentiae
1093 3535 1190 3601 relin-

168 3664 293 3736 quetur.
340 3654 405 3718 Sed
429 3654 456 3718 si
480 3654 665 3740 linguarum
691 3653 799 3718 studio
825 3653 928 3718 nostri
956 3657 1082 3729 vacant,
1105 3649 1190 3713 inter

166 3771 290 3844 caetera,
306 3765 349 3829 ad
371 3788 444 3849 qnae
466 3765 660 3830 discentium
682 3764 819 3829 intentio
842 3765 972 3842 feratur,
986 3762 1067 3826 illud
1083 3761 1136 3843 sit,
1151 3773 1189 3826 ut

165 3876 344 3942 versionem
359 3878 401 3942 ab
416 3878 563 3943 Ecclesia
577 3878 787 3964 approbatam
803 3876 988 3941 defendant.

128 3989 358 4055 oscholastiei
395 4012 507 4056 omnes
543 3991 697 4056 lectiones
726 3989 931 4076 publicorum
966 3988 1187 4054 Professorum

159 4099 252 4185 juxta
279 4100 430 4168 Rectoris
454 4102 589 4191 collegii
616 4101 782 4168 arbitrium
813 4099 964 4166 audiant:
999 4099 1186 4185 quiquidem
