2646 4732
509 367 602 410 rans
627 367 790 415 enarra,
1150 355 1191 427 57

165 534 310 598 doetrina
326 534 526 598 Scholastica
541 534 618 599 Divi
632 536 789 614 Thomae3
811 548 844 599 et
859 537 893 598 in
914 559 959 616 ea,
978 559 1076 620 quam
1101 539 1188 602 Posi-

165 646 263 711 tivam
286 658 414 725 vocant,
434 646 596 731 eligentur
615 646 638 709 ii
660 648 822 726 authores,
841 647 898 732 qui
918 649 959 711 ad
980 671 1115 733 scopum
1132 672 1191 714 no·

165 770 268 822 strum
283 757 387 842 magis
403 758 574 822 convenire
591 758 799 822 videbuntur.

128 876 145 932 2
165 869 262 936 Quod
278 868 394 933 attinet
415 868 457 932 ad
477 868 577 932 libros
599 868 828 933 humaniorum
850 868 1028 934 litterarum
1045 871 1191 950 Latinos,

164 980 213 1044 vel
244 980 406 1058 Graeoos3
443 979 643 1043 abstineatur
679 980 713 1042 in
745 980 1020 1045 Universitatibus
1050 1004 1190 1066 quoque,

164 1091 439 1176 quemadmodum
461 1091 496 1153 in
520 1090 684 1176 Collegiis,
707 1091 884 1176 quoadejus
907 1092 976 1155 fieri
995 1093 1125 1176 poterit,
1148 1093 1189 1157 ab

164 1201 208 1266 eis
235 1201 405 1287 juventuti
431 1201 656 1286 praelegendis,
675 1202 711 1264 in
738 1202 857 1287 quibus
880 1203 922 1266 sit
945 1203 1077 1287 aliquid,
1100 1204 1188 1287 quod

162 1313 255 1377 bonis
285 1311 432 1376 moribus
463 1335 577 1376 nocere
607 1324 725 1396 queat3
760 1314 822 1378 nisi
851 1313 942 1398 prius
973 1337 991 1376 a
1020 1315 1128 1394 rebus,
1155 1326 1187 1378 et

162 1423 266 1489 verbis
281 1424 463 1488 inhonestis
477 1423 608 1510 purgati
623 1424 698 1488 sint.

126 1543 142 1599 3
163 1537 201 1600 Iu
216 1537 352 1622 Logica,
366 1543 400 1600 et
416 1535 624 1621 Philosophia
639 1536 800 1615 Naturali,
822 1547 854 1600 et
878 1535 1008 1615 Morali,
1030 1548 1063 1600 et
1079 1538 1186 1601 Meta-

161 1649 296 1734 physica
318 1649 499 1712 doctrinam
521 1648 704 1712 Aristotelis
726 1649 870 1734 profiteri
892 1649 1075 1733 oportebit,
1098 1658 1131 1713 et
1151 1650 1186 1714 in

161 1761 229 1826 aliis
244 1760 382 1828 Artibus
396 1761 593 1841 liberalibus,
609 1772 642 1824 et
664 1761 698 1824 in
721 1761 960 1826 commentariis
981 1769 1049 1825 tam
1071 1762 1185 1846 hujus-

161 1873 248 1936 modi
274 1873 460 1952 authorum,
485 1873 581 1958 quam
607 1871 835 1937 humaniorum
858 1852 1049 1952 litterarum,
1074 1872 1185 1938 habito

162 2007 271 2049 eorum
301 1985 441 2066 delectu,
470 1985 680 2049 nominentur
714 1985 747 2065 ii,
777 2007 858 2069 quos
887 1985 995 2049 videre
1026 1985 1186 2070 discipuli,

162 2119 306 2181 quosque
328 2096 392 2182 ipsi
413 2097 632 2181 Praeceptores
656 2118 724 2182 prae
748 2095 817 2160 aliis
842 2095 877 2158 in
905 2094 1061 2173 doetrina,
1088 2117 1186 2179 quam

163 2210 293 2272 tradunt
316 2209 408 2293 sequi
430 2209 580 2273 debeant.
625 2210 745 2272 Rector
760 2216 869 2272 autem
884 2207 917 2270 in
933 2206 1095 2286 omnibus,
1112 2228 1185 2290 quae

165 2320 320 2400 statuerit,
335 2320 489 2406 procedet
508 2320 603 2406 jurta
616 2320 661 2400 id,
677 2320 765 2404 quod
779 2320 814 2382 in
836 2318 1009 2382 universali
1025 2316 1184 2382 Societate

163 2433 261 2518 magis
276 2432 448 2497 convenire
463 2433 505 2495 ad
519 2432 583 2497 Dei
597 2432 732 2516 gloriam
749 2430 959 2516 judicabitur.

376 2741 423 2782 DE
441 2739 632 2798 cURslBUS,
649 2740 694 2781 Er
711 2739 910 2782 GRADIBUS·

136 2968 207 3032 lla
234 2969 350 3034 litteris
379 2968 636 3048 humanioribus,
666 2980 699 3032 et
734 2968 853 3053 linguis
886 2989 999 3032 cursus
1030 2967 1183 3054 temporis

168 3080 317 3146 limitatus
337 3082 380 3145 ad
405 3101 515 3145 earum
541 3079 686 3145 studium
709 3080 941 3145 absolvendum
964 3101 1033 3142 esse
1060 3080 1184 3163 nequit,

168 3206 293 3279 propter
313 3193 518 3278 ingeniorum
541 3205 574 3257 et
596 3191 750 3257 doctrinae
780 3192 964 3256 auditorum
986 3189 1183 3269 varietatem,

168 3305 344 3391 multasque
367 3305 444 3368 alias
466 3326 600 3370 oausasz
624 3327 696 3390 quae
718 3328 784 3370 non
808 3304 902 3367 aliam
924 3301 1078 3388 temporis
1100 3324 1183 3387 prae-

168 3415 353 3495 finitionem,
376 3438 473 3500 quam
496 3439 568 3501 quae
594 3416 769 3501 unicuique
796 3415 966 3479 convenire
991 3413 1085 3498 juxta
1105 3435 1183 3496 pru-

167 3527 267 3592 dentis
283 3529 441 3608 Rectoris,
456 3530 507 3594 vel
523 3528 713 3594 cancellarii
735 3527 902 3592 arbitrium
924 3525 1096 3604 videbitur,
1111 3547 1183 3610 per-

166 3639 305 3704 mittunt.

133 3751 203 3814 lln
225 3752 356 3816 Artium
387 3752 495 3816 studio
525 3774 638 3817 cursus
669 3764 764 3817 erunt
794 3751 974 3830 ordinandi,
1004 3750 1037 3812 in
1064 3750 1182 3834 quibus

166 3863 311 3931 Scientiae
334 3866 507 3931 Naturales
528 3867 581 3949 (ad
603 3888 683 3950 quas
706 3867 826 3945 minus,
844 3865 941 3949 quam
963 3863 1061 3926 trium
1082 3887 1182 3930 anno-

166 3996 243 4057 rum,
258 3977 400 4063 spatium
423 3977 500 4042 satis
522 3999 588 4041 non
612 3977 682 4060 erit)
707 3978 944 4062 praelegantur,
967 3987 1084 4060 praeter
1099 3999 1180 4059 quos

167 4089 284 4153 medius
315 4089 422 4153 adhue
452 4112 557 4154 annus
589 4090 629 4153 ad
659 4089 768 4154 audita
804 4087 988 4173 repetenda,
1027 4098 1059 4150 ot
1089 4096 1180 4150 actus

1182 4328 1297 4448 l*
