2646 4732
124 346 165 421 76
504 360 828 408 oons'nrorronuu

190 533 317 611 mittet3
339 532 466 595 nullum
480 533 635 598 viaticum
649 546 758 620 petere
775 534 905 613 debent,
920 533 978 597 sed
993 554 1027 596 se
1042 531 1220 597 liberaliter

189 643 313 722 offerre,
328 653 365 706 ut
380 642 562 724 mittantur,
577 657 675 731 prout
689 646 752 710 illis
768 647 810 709 ad
831 644 986 730 majorem
1000 645 1064 708 Dei
1080 644 1216 729 gloriam

188 759 256 821 fore
271 756 443 822 videbitur.

124 878 163 934 14
188 869 236 934 Ut
251 870 286 932 in
307 870 368 932 hac
390 869 487 932 etiam
509 881 601 954 parte
623 871 720 935 modo
743 882 961 934 consentaneo
975 891 1118 955 syncerae
1133 892 1215 955 pau-

187 981 306 1066 pertati
320 981 532 1066 procedatur3
555 982 645 1045 nulla
659 983 693 1045 in
703 982 865 1046 Domibus
878 983 1047 1046 Societatis
1062 981 1214 1067 jumenta

186 1092 229 1155 ad
243 1091 455 1175 equitandum
471 1092 513 1154 ad
528 1113 625 1154 usum
647 1091 782 1176 alicujus
804 1092 845 1155 de
867 1092 938 1178 ipsa
954 1092 1114 1157 Societate
1133 1091 1211 1174 (sive

188 1202 397 1287 Proepositus,
414 1202 480 1265 sive
495 1202 646 1266 subditus
661 1203 714 1265 ille
730 1202 783 1284 sit)
802 1203 961 1266 ordinarie
975 1202 1166 1266 habeantur.

122 1316 164 1377 15
187 1314 227 1376 ln
241 1313 378 1377 vestitus
393 1313 505 1376 itidem
520 1314 644 1377 ratione
660 1314 722 1377 tria
737 1313 968 1392 observentur3
992 1313 1150 1392 Primum,
1173 1324 1210 1376 ut

184 1429 342 1491 honestus
365 1426 418 1490 ille
444 1425 506 1505 sit;
540 1426 710 1505 Alterum,
726 1438 765 1490 ut
794 1427 836 1490 ad
861 1450 958 1491 usum
984 1426 1057 1506 loci,
1082 1426 1118 1489 in
1144 1447 1209 1510 quo

108 1542 110 1547 ’
182 1538 301 1602 sivitur
321 1537 583 1601 accommodatus
594 1563 604 1616 3
626 1537 783 1616 Tertium,
798 1551 836 1601 ut
857 1537 1049 1623 professioni
1069 1559 1209 1623 pauper-

182 1650 258 1713 tatis
288 1671 355 1712 non
384 1659 555 1733 repugnet.
609 1648 782 1712 Videretur
815 1661 924 1713 autem
958 1670 1151 1734 repugnare,
1181 1648 1209 1712 si

181 1760 300 1838 sericis,
315 1760 366 1824 vel
380 1759 534 1844 preciosis
549 1767 715 1843 utcunque
730 1760 848 1844 pannis
863 1771 1038 1838 uteremur,
1053 1759 1207 1844 aquibus

181 1870 410 1934 abstinendum
427 1881 497 1949 est3
520 1881 557 1933 ut
572 1870 606 1932 in
622 1870 773 1934 omnibus
796 1870 988 1934 humilitatis
1010 1882 1042 1934 et
1066 1864 1206 1934 submis-
1232 1912 1236 1922 =

179 1982 279 2046 sionis
295 1980 405 2045 debita
420 1981 461 2044 ad
476 1980 631 2065 majorem
646 1981 710 2045 Dei
725 1981 859 2066 gloriam
874 1981 956 2046 ratio
971 1981 1138 2045 habeatur.

116 2103 155 2160 16
180 2095 220 2159 In
236 2095 286 2174 iis,
298 2116 372 2178 quae
387 2094 429 2157 ad
443 2094 599 2157 rationem
610 2093 726 2173 victua,
736 2095 853 2171 somni,
864 2116 902 2158 ac
912 2116 992 2158 usus
1006 2094 1203 2178 reliquarum

175 2231 283 2272 rerum
306 2208 381 2272 vitae
404 2206 669 2285 necessariarum,
683 2207 735 2271 vel
757 2207 1019 2272 convenientium
1041 2219 1203 2293 spectant,

176 2319 312 2404 quanvis
336 2317 519 2382 communis
549 2317 603 2380 illa
632 2317 686 2395 sit,
716 2317 912 2403 minimeque
936 2318 1061 2383 diversa
1086 2318 1128 2382 ab
1152 2341 1202 2398 eo,

174 2430 263 2514 quod
277 2428 422 2491 medicus
437 2427 524 2490 illius
538 2427 613 2506 loci,
627 2428 662 2491 in
678 2449 743 2511 quo
757 2429 887 2508 vivitur,
907 2428 1076 2516 judicabit,
1090 2429 1148 2509 ita,
1162 2441 1201 2494 ut

173 2540 262 2625 quod
276 2539 413 2623 quisque
429 2537 491 2602 sibi
507 2537 584 2601 inde
600 2539 805 2620 subtraxerit,
820 2563 859 2604 ex
881 2540 1062 2620 devotione,
1076 2563 1145 2605 non
1160 2562 1201 2605 ex

172 2649 379 2734 obligatione,
395 2648 583 2728 subtrahat3
606 2649 756 2714 habenda
770 2664 880 2715 tamen
895 2673 1022 2736 semper
1040 2651 1101 2715 erit
1116 2652 1199 2716 ratio

170 2760 373 2838 humilitatis,
388 2759 600 2845 paupertatis
616 2783 652 2824 ac
676 2762 851 2846 spiritualis
874 2763 1107 2842 aedificationis,
1123 2785 1198 2847 quae

171 2893 298 2956 semper
312 2869 406 2934 nobis
421 2870 455 2933 in
470 2871 614 2935 Domino
630 2871 671 2936 ob
687 2874 798 2937 oculos
812 2874 932 2939 versari
946 2874 1053 2938 debet.

174 3189 221 3233 DE
239 3189 287 3231 ns
305 3187 436 3245 REBUS,
453 3189 492 3230 IN
511 3189 646 3236 omnus
664 3190 863 3251 occurant,
880 3192 925 3234 ET
941 3192 966 3234 A
983 3191 1120 3243 QUIBUS

372 3298 582 3345 ABSTINERE
600 3301 721 3344 DEBET
737 3301 921 3347 socrurAS.

556 3405 653 3469 CAP.
678 3406 743 3471 ΙΙΙ.

122 3536 138 3593 l
165 3528 348 3594 Quonrsu
379 3528 490 3591 habita
524 3529 647 3594 ratione
685 3534 850 3619 temporis,
880 3557 917 3599 ao
946 3536 1192 3621 approbationis

162 3640 249 3718 vitae,
264 3661 337 3723 quae
360 3651 559 3724 expectatur,
581 3652 618 3705 ut
641 3642 740 3728 aliqui
762 3646 803 3708 ad
824 3646 1068 3731 professionem,
1083 3648 1136 3713 vel
1154 3648 1189 3714 in

163 3749 376 3834 Coadjutores
391 3750 545 3815 formatos
560 3752 594 3815 in
612 3752 770 3819 Societate
793 3757 1016 3838 admittantur,
1031 3771 1189 3844 tanquam

162 3873 286 3927 certum
302 3861 442 3940 ducitur,
454 3885 508 3927 eos
523 3855 608 3927 viros
621 3865 802 3948 spirituales
814 3869 960 3949 futuros3
983 3883 1015 3934 et
1027 3871 1083 3954 qui
1095 3871 1141 3935 sic
1153 3873 1188 3935 in

161 3975 213 4039 via
229 3973 352 4037 Christi
367 3974 501 4038 Domini
517 3976 620 4039 nostri
635 3978 838 4060 profecerint,
848 3993 886 4045 ut
900 4005 958 4067 per
973 4005 1043 4047 eam
1059 4006 1189 4049 currere

160 4085 299 4172 possint,
315 4095 474 4168 quantum
491 4087 633 4171 corporis
649 4088 806 4155 habitudo
828 4103 861 4157 et
883 4105 1023 4158 externae
1046 4117 1186 4181 occupa-
