2646 4732
491 334 815 380 cousrlrvrlorvvm

181 525 254 568 sum
275 503 447 588 loquendo,
468 503 504 567 in
524 504 674 570 domibus
696 527 763 569 non
785 515 881 569 erunt
892 529 901 584 ;
929 504 992 569 nisi
1013 505 1048 570 in
1068 505 1204 591 quibus-

180 615 266 694 dam,
291 613 507 700 peculiaribus
537 616 576 680 de
607 617 723 695 causis,
754 616 995 702 dispensatione
1025 640 1108 703 opus
1132 641 1204 683 esse

179 727 351 791 videretur.
396 726 540 812 Collegia
554 726 641 791 enim
656 728 698 791 ad
711 727 834 792 litteras
849 727 1071 809 addiscendas,
1086 730 1204 793 domus

179 839 254 901 verb
279 839 321 903 ad
350 860 413 919 caS,
438 860 518 922 quas
543 838 723 918 didicerint,
749 840 952 918 exercendas,
977 839 1030 904 vel
1052 840 1094 903 ad
1118 863 1203 926 prae-

179 950 360 1035 parandum
382 972 492 1013 earum
513 950 776 1029 fundamentum,
794 950 986 1014 humilitatis
1009 950 1141 1030 scilicet,
1165 974 1202 1015 ac

180 1062 285 1126 omnis
304 1062 432 1126 virtutis
454 1063 489 1126 in
510 1062 561 1141 iis,
583 1062 640 1146 qui
660 1083 790 1147 operam
812 1062 858 1126 eis
877 1070 954 1126 sunt
976 1063 1094 1142 daturi,
1113 1085 1201 1128 com-

178 1185 299 1260 paratae
315 1186 402 1239 sunt.

116 1294 156 1351 28
180 1286 231 1351 Sit
261 1287 375 1371 aliquis
406 1285 503 1366 domi,
533 1286 589 1372 qui
619 1285 755 1372 singulis
782 1285 1004 1367 hebdomadis,
1033 1287 1085 1352 vel
1114 1288 1201 1352 certe

180 1398 305 1462 decimo
329 1398 443 1482 quinto
469 1419 597 1482 quoque
622 1397 684 1476 die,
706 1398 776 1462 haec
798 1408 831 1461 et
857 1397 972 1463 similia
993 1397 1144 1462 omnibus
1166 1399 1201 1461 in

179 1511 366 1575 memoriam
380 1511 523 1596 redigat3
545 1510 597 1573 vel
610 1510 658 1573 illi
672 1511 742 1574 haec
757 1510 861 1595 legere
876 1518 1062 1575 teneantur:
1084 1533 1126 1574 ne
1140 1534 1200 1596 pro

180 1633 299 1687 nostrae
318 1622 439 1708 fragilis
457 1633 581 1685 naturae
606 1622 789 1685 conditione
812 1621 905 1686 obliti
930 1622 971 1686 ab
993 1644 1104 1687 eorum
1127 1644 1200 1686 exe-

179 1735 308 1799 cutione
331 1746 469 1798 cessent.
513 1734 558 1798 Et
580 1733 748 1817 aliquoties
771 1733 907 1819 singulis
929 1733 1023 1798 annis
1045 1756 1160 1798 omnes
1182 1757 1201 1798 a

180 1846 350 1931 superiore
366 1846 427 1910 sibi
441 1845 647 1931 poenitentias
664 1845 793 1930 injungi
813 1857 946 1931 propter
965 1846 1128 1911 defectum
1143 1847 1200 1911 ob·

180 1957 367 2022 servationis
381 1957 578 2042 Regularum
593 1967 728 2042 petant;
750 1968 788 2021 ut
803 1958 873 2021 haec
891 1979 968 2020 cura
986 1957 1142 2021 indicium
1159 1958 1200 2022 sit

179 2069 277 2148 illius,
292 2091 389 2155 quam
404 2070 444 2133 de
460 2091 518 2133 suo
533 2070 682 2154 profectu
697 2068 855 2153 spirituali
870 2068 903 2131 in
918 2068 971 2133 via
985 2068 1048 2133 Dei
1064 2069 1200 2155 quisque

179 2181 296 2246 habere
314 2180 420 2245 debet.

375 2505 421 2547 DE
439 2503 746 2549 coNsnuvAmorvu
764 2502 953 2547 CORPORIS·

572 2624 670 2690 cAP.
692 2624 742 2691 11.

138 2757 153 2812 l
179 2747 235 2812 Ur
260 2747 361 2812 nimia
386 2748 555 2813 solicitudo
581 2749 616 2813 in
641 2748 692 2828 iis,
719 2771 792 2833 quae
814 2749 857 2812 ad
881 2771 998 2834 corpus
1024 2750 1199 2834 pertinent,

178 2860 436 2946 reprehensibilis
461 2870 529 2940 est3
559 2861 605 2925 ita
631 2883 708 2924 cura
732 2861 897 2925 moderata
922 2862 1063 2941 tuendae,
1089 2864 1131 2927 ad
1151 2864 1200 2927 di-

111 2981 114 2984 ⁴
177 2971 290 3036 vinum
312 2970 503 3056 obsequium
528 2972 720 3036 valetudinis
745 2994 782 3036 ac
800 2971 917 3035 virium
939 2973 1081 3057 corporis
1103 2973 1199 3038 laude

178 3083 287 3170 digna,
307 3091 340 3147 et
365 3082 406 3147 ab
432 3084 582 3149 omnibus
606 3084 789 3149 adhibenda
811 3094 880 3147 est:
913 3095 945 3147 et
965 3106 1002 3147 ea
1026 3085 1065 3147 de
1090 3107 1199 3164 causa,

178 3198 253 3262 einn
268 3197 552 3261 animadverterint
567 3196 687 3281 aliquid
706 3196 767 3260 sibi
785 3218 910 3275 nocere,
925 3196 976 3261 vel
998 3197 1077 3280 quid
1099 3197 1199 3261 alium

177 3309 394 3374 necessarium
414 3331 483 3373 esse
506 3309 590 3372 circa
610 3308 744 3386 victum,
765 3308 928 3385 vestitum,
952 3307 1199 3389 habitationem,

178 3422 356 3486 officiorum
377 3420 646 3498 exercitationem,
671 3429 702 3483 et
727 3419 772 3483 sic
796 3420 836 3483 de
863 3420 932 3483 aliis
957 3420 1065 3498 rebus
1086 3421 1199 3485 admo-

177 3545 276 3597 neant
306 3553 417 3596 omnes
448 3553 485 3595 ea
514 3533 554 3596 de
583 3553 617 3594 re
649 3531 863 3617 Superiorem,
892 3531 944 3594 vel
973 3552 1070 3614 quem
1097 3532 1141 3594 ad
1164 3532 1199 3596 id

176 3643 330 3729 Superior
338 3642 551 3723 constituerit,
561 3644 625 3706 duo
639 3643 768 3707 interim
784 3642 1009 3707 observantes:
1039 3641 1199 3721 Primum,

176 3766 214 3818 ut
244 3768 416 3839 antequam
447 3755 488 3818 ad
517 3777 591 3818 eum
621 3755 700 3839 quid
729 3755 878 3833 referant,
908 3775 942 3817 se
966 3753 1008 3816 ad
1037 3754 1200 3818 orandum

175 3868 342 3953 recipiant,
352 3879 385 3931 et
399 3878 474 3952 post
489 3867 677 3946 orationem,
692 3867 719 3931 si
734 3866 893 3931 senserint
906 3889 974 3930 rem
990 3866 1200 3931 deferendam

176 3982 218 4045 ad
234 3981 448 4066 Superiorem,
467 3980 502 4043 id
519 3980 659 4060 faciant3
685 3980 845 4061 Altemm,
864 3991 902 4044 ut
925 3979 999 4043 cirm
1019 3978 1118 4043 verbo
1143 3991 1201 4044 aut

176 4094 296 4179 scripto
322 4094 411 4158 brevi
438 4093 489 4179 (ne
513 4093 639 4158 excidat
664 4093 828 4176 memoria)
858 4091 1022 4178 Superiori
1046 4113 1126 4176 rem,
1144 4115 1200 4157 ex-
