2646 4732
520 371 620 426 ,raas
645 371 807 419 cunam.
1149 357 1192 414 49

165 535 331 622 impensis.
377 536 423 599 Et
450 536 511 600 sub
535 536 633 622 hujus
662 537 815 622 temporis
842 536 941 600 finem
967 557 1098 600 suarum
1123 559 1192 603 esse

163 648 307 734 partium
333 649 453 712 Rector
482 648 653 735 intelligat,
669 651 892 732 <Propositum
924 650 1116 731 Gerierclem,
1146 654 1196 714 ccl

163 762 396 824 Provinciclem
423 762 599 840 adranam,
618 767 651 824 et
675 772 834 845 quantum
856 761 891 823 hi
914 761 1120 846 profecerint,
1144 785 1194 827 re-

163 872 245 935 ferre
258 897 267 950 3
292 893 329 935 ac
345 872 555 957 postmodum
572 872 660 956 quod
675 871 704 935 ei
719 871 946 957 praescriptum
961 872 1058 938 fuerit
1073 873 1115 938 ad
1130 874 1194 939 Dei

163 983 312 1067 gloriam,
327 994 514 1068 exequetur.

320 1289 368 1332 DE
386 1288 680 1337 GUBERNATIONE
698 1289 978 1336 connualouun.

129 1524 142 1578 l
166 1517 382 1582 Susannam
406 1539 517 1581 curam
539 1517 591 1582 vel
618 1517 952 1604 superintendentiam
976 1517 1194 1604 Collegiorum

160 1629 257 1714 juxta
272 1628 367 1694 Sedis
382 1629 579 1714 Apostolicae
595 1629 717 1694 litteras
732 1630 877 1716 professa
893 1629 1037 1694 Societas
1050 1630 1194 1698 habebit.

166 1740 251 1804 Cirm
276 1741 365 1804 enim
395 1740 568 1826 quicquam
598 1741 732 1827 privatae
763 1741 912 1806 utilitatis
942 1764 982 1806 ex
1011 1741 1193 1807 redditibus

167 1874 321 1936 quaerere,
353 1853 405 1916 vel
433 1853 468 1915 in
499 1875 595 1917 suum
625 1876 722 1918 usum
752 1864 938 1919 convertere
968 1876 1034 1918 non
1070 1854 1195 1939 possit3

168 1964 283 2029 rationi
307 1965 401 2030 valde
427 1988 608 2031 consonum
632 1978 692 2046 est,
713 1966 803 2052 quod
819 1965 934 2052 majori
956 1989 1032 2030 curn
1054 1965 1195 2052 puritate

169 2101 204 2143 ac
219 2079 338 2165 spiritu
352 2079 555 2144 constantius
565 2102 608 2144 ac
628 2080 814 2146 diuturnius
829 2081 982 2166 procedet
1005 2080 1039 2143 in
1055 2080 1105 2159 iis,
1121 2102 1194 2163 quae

170 2191 209 2254 ad
221 2191 348 2255 bonum
362 2191 507 2277 regimen
523 2191 742 2278 Collegiorum
757 2192 800 2257 ad
814 2191 920 2277 majus
934 2190 998 2255 Dei
1013 2213 1050 2255 ac
1060 2191 1196 2255 Domini

171 2304 270 2368 nostri
285 2304 477 2389 obsequium
492 2305 653 2390 provideri
668 2305 831 2371 convenit.
1079 2376 1082 2382 ,

142 2418 291 2481 lProeter
309 2419 347 2481 id
368 2424 484 2498 autem,
508 2419 592 2500 qaod
615 2420 660 2482 ad
682 2419 938 2498 decantationes,
963 2425 995 2482 et
1016 2418 1195 2481 dissolutio-

158 2550 246 2609 -oem,
276 2530 328 2592 oei
355 2531 399 2593 αἱ·
460 2532 574 2594 tionem
603 2530 779 2612 hujusmodi
813 2531 1019 2613 Colleyioram
1042 2531 1196 2612 pertinet,

174 2644 316 2706 sammaa
325 2649 470 2724 potestas
485 2650 517 2707 et
532 2645 778 2722 administratio,
794 2655 826 2707 et
845 2644 893 2726 (ut
912 2643 947 2706 in
969 2665 1086 2729 genere
1109 2643 1197 2707 dica-

158 2754 233 2836 ·tur)
258 2751 360 2839 hujus
383 2753 691 2839 superintendentiae
712 2756 853 2818 caecutio
874 2775 971 2837 peaes
992 2757 1195 2838 Propositum

176 2867 356 2930 Generalem
378 2867 451 2946 erit,
473 2866 530 2951 qui
553 2866 653 2930 finem
679 2865 782 2946 illum,
807 2867 849 2929 ad
875 2889 973 2952 quern
997 2867 1141 2955 Collegia
1164 2876 1197 2932 et

174 2977 314 3042 Societas
329 2987 398 3042 tota
413 2978 592 3058 contendit,
606 2999 674 3063 prae
690 2977 792 3042 oculis
811 2978 946 3058 habens,
968 2979 1095 3060 melius,
1118 2981 1197 3065 quid

174 3088 291 3154 eisdem
306 3088 488 3169 conveniat,
503 3089 671 3175 intelliget.

141 3206 155 3261 3
175 3201 232 3265 Per
252 3224 287 3266 se
313 3224 402 3288 ergo,
423 3201 474 3266 vel
499 3223 559 3287 per
583 3201 694 3281 alium,
714 3202 767 3265 cui
785 3224 878 3267 suam
901 3201 1088 3266 facultatem
1108 3224 1196 3266 corn-

173 3314 393 3393 municaverit,
417 3313 451 3378 in
481 3315 542 3378 hac
565 3325 680 3400 parte,
694 3315 891 3400 Praepositus
920 3314 1087 3379 Generalis
1114 3315 1198 3379 Rec-

174 3437 286 3506 torem,
301 3433 340 3491 ut
353 3426 465 3511 praesit
480 3427 663 3511 cuicunque
680 3425 835 3512 Collegio,
851 3426 990 3512 aliquem
1006 3449 1045 3490 ex
1056 3424 1196 3511 Coadju-

158 3539 296 3603 toribus
313 3539 483 3604 Societatis
498 3540 694 3620 constituet3
717 3539 773 3625 qui
789 3541 978 3626 Praeposito,
995 3539 1196 3620 Prouinciali,

173 3651 221 3714 vel
243 3650 296 3715 cui
321 3649 489 3716 Generalis
510 3651 754 3737 praescripserit,
776 3651 934 3717 rationem
957 3650 1018 3717 sibi
1042 3651 1197 3736 assignati

174 3763 314 3827 muneris
340 3763 463 3828 reddet.
508 3764 554 3829 Et
583 3785 684 3850 penes
715 3765 854 3829 eundem
884 3765 945 3830 erit
970 3764 1196 3850 Praepositum‚

175 3876 344 3940 Rectorem
360 3898 518 3956 amovere,
533 3876 654 3962 talique
677 3899 764 3958 cura,
779 3888 878 3964 prout
900 3877 929 3941 ei
952 3877 1197 3942 convenientius

174 3988 206 4051 in
221 3988 365 4053 Domino
379 3987 552 4070 videbitur,
566 3989 710 4056 liberare.

141 4105 157 4160 4
177 4099 364 4166 Curandum
388 4111 437 4166 est
458 4112 577 4183 autem,
599 4114 636 4167 ut
658 4103 711 4167 ille
735 4102 787 4167 cui
803 4101 948 4168 Rectoris
970 4101 1123 4180 officium,
1138 4100 1198 4164 im-
