<?xml version="1.0" encoding="UTF-8"?>
<!DOCTYPE html PUBLIC "-//W3C//DTD XHTML 1.0 Transitional//EN"
    "http://www.w3.org/TR/xhtml1/DTD/xhtml1-transitional.dtd">
<html xmlns="http://www.w3.org/1999/xhtml" xml:lang="en" lang="en">
 <head>
  <title>
</title>
<meta http-equiv="Content-Type" content="text/html;charset=utf-8" />
  <meta name='ocr-system' content='tesseract 3.04.00' />
  <meta name='ocr-capabilities' content='ocr_page ocr_carea ocr_par ocr_line ocrx_word'/>
</head>
<body>
  <div class='ocr_page' id='page_1' title='image "./constitutioness00unkngoog_0030.png"; bbox 0 0 2646 4732; ppageno 0'>
   <div class='ocr_carea' id='block_1_1' title="bbox 405 315 1182 405">
    <p class='ocr_par' dir='ltr' id='par_1_1' title="bbox 405 315 1182 405">
     <span class='ocr_line' id='line_1_1' title="bbox 405 315 1182 405; baseline 0 -11"><span class='ocrx_word' id='word_1_1' title='bbox 405 315 408 319; x_wconf 42' lang='grc'>’</span> <span class='ocrx_word' id='word_1_2' title='bbox 500 352 592 395; x_wconf 69' lang='lat' dir='ltr'>runs</span> <span class='ocrx_word' id='word_1_3' title='bbox 617 349 799 394; x_wconf 69' lang='lat' dir='ltr'>sueonos.</span> <span class='ocrx_word' id='word_1_4' title='bbox 1143 331 1182 405; x_wconf 87' lang='lat'>17</span> 
     </span>
    </p>
   </div>
   <div class='ocr_carea' id='block_1_2' title="bbox 127 516 1202 4182">
    <p class='ocr_par' dir='ltr' id='par_1_2' title="bbox 154 516 1202 1827">
     <span class='ocr_line' id='line_1_2' title="bbox 155 516 1182 607; baseline -0.007 -21"><span class='ocrx_word' id='word_1_5' title='bbox 155 522 232 607; x_wconf 92' lang='lat' dir='ltr'>quid</span> <span class='ocrx_word' id='word_1_6' title='bbox 257 532 355 599; x_wconf 89' lang='lat' dir='ltr'>esset,</span> <span class='ocrx_word' id='word_1_7' title='bbox 381 520 409 584; x_wconf 89' lang='lat' dir='ltr'>si</span> <span class='ocrx_word' id='word_1_8' title='bbox 435 520 470 582; x_wconf 89' lang='lat' dir='ltr'>in</span> <span class='ocrx_word' id='word_1_9' title='bbox 498 519 730 583; x_wconf 88' lang='lat' dir='ltr'>Probationum</span> <span class='ocrx_word' id='word_1_10' title='bbox 757 519 895 581; x_wconf 89' lang='lat' dir='ltr'>decursu</span> <span class='ocrx_word' id='word_1_11' title='bbox 921 516 1028 600; x_wconf 90' lang='lat' dir='ltr'>aliqua</span> <span class='ocrx_word' id='word_1_12' title='bbox 1045 517 1182 602; x_wconf 91' lang='lat' dir='ltr'>impedi-</span> 
     </span>
     <span class='ocr_line' id='line_1_3' title="bbox 155 629 1183 716; baseline -0.006 -18"><span class='ocrx_word' id='word_1_13' title='bbox 155 646 274 713; x_wconf 88' lang='lat' dir='ltr'>menta,</span> <span class='ocrx_word' id='word_1_14' title='bbox 305 633 356 698; x_wconf 89' lang='lat' dir='ltr'>vel</span> <span class='ocrx_word' id='word_1_15' title='bbox 392 631 536 716; x_wconf 79' lang='lat' dir='ltr'>insignes</span> <span class='ocrx_word' id='word_1_16' title='bbox 573 632 718 694; x_wconf 90' lang='lat' dir='ltr'>defectus</span> <span class='ocrx_word' id='word_1_17' title='bbox 755 630 789 692; x_wconf 92' lang='lat' dir='ltr'>in</span> <span class='ocrx_word' id='word_1_18' title='bbox 827 629 986 692; x_wconf 86' lang='lat' dir='ltr'>Examiue</span> <span class='ocrx_word' id='word_1_19' title='bbox 1017 631 1183 714; x_wconf 85' lang='lat' dir='ltr'>suppressi</span> 
     </span>
     <span class='ocr_line' id='line_1_4' title="bbox 155 739 1182 831; baseline -0.005 -21"><span class='ocrx_word' id='word_1_20' title='bbox 155 747 403 831; x_wconf 86' lang='lat' dir='ltr'>detegerentur3</span> <span class='ocrx_word' id='word_1_21' title='bbox 434 743 486 806; x_wconf 89' lang='lat' dir='ltr'>vel</span> <span class='ocrx_word' id='word_1_22' title='bbox 516 743 543 805; x_wconf 89' lang='lat' dir='ltr'>si</span> <span class='ocrx_word' id='word_1_23' title='bbox 573 739 792 826; x_wconf 85' lang='lat' dir='ltr'>experimento</span> <span class='ocrx_word' id='word_1_24' title='bbox 823 741 1064 826; x_wconf 84' lang='lat' dir='ltr'><strong>comperiretur,</strong></span> <span class='ocrx_word' id='word_1_25' title='bbox 1090 741 1182 805; x_wconf 84' lang='lat' dir='ltr'>valde</span> 
     </span>
     <span class='ocr_line' id='line_1_5' title="bbox 154 852 1183 938; baseline -0.004 -18"><span class='ocrx_word' id='word_1_26' title='bbox 154 857 304 920; x_wconf 92' lang='lat' dir='ltr'>inutilem</span> <span class='ocrx_word' id='word_1_27' title='bbox 335 857 404 920; x_wconf 86' lang='lat' dir='ltr'>sore</span> <span class='ocrx_word' id='word_1_28' title='bbox 435 876 521 932; x_wconf 91' lang='lat' dir='ltr'>eum,</span> <span class='ocrx_word' id='word_1_29' title='bbox 547 866 580 918; x_wconf 93' lang='lat' dir='ltr'>et</span> <span class='ocrx_word' id='word_1_30' title='bbox 606 875 664 938; x_wconf 91' lang='lat' dir='ltr'>per</span> <span class='ocrx_word' id='word_1_31' title='bbox 690 874 788 936; x_wconf 89' lang='lat' dir='ltr'>quem</span> <span class='ocrx_word' id='word_1_32' title='bbox 814 852 1043 937; x_wconf 82' lang='lat' dir='ltr'>praepediendo</span> <span class='ocrx_word' id='word_1_33' title='bbox 1067 853 1183 936; x_wconf 84' lang='lat' dir='ltr'>magis,</span> 
     </span>
     <span class='ocr_line' id='line_1_6' title="bbox 155 962 1183 1052; baseline -0.004 -21"><span class='ocrx_word' id='word_1_34' title='bbox 155 990 252 1052; x_wconf 86' lang='lat' dir='ltr'>quam</span> <span class='ocrx_word' id='word_1_35' title='bbox 279 966 463 1051; x_wconf 84' lang='lat' dir='ltr'>adjuvanda</span> <span class='ocrx_word' id='word_1_36' title='bbox 487 975 572 1029; x_wconf 91' lang='lat' dir='ltr'>esset</span> <span class='ocrx_word' id='word_1_37' title='bbox 597 964 751 1043; x_wconf 83' lang='lat' dir='ltr'>Societas,</span> <span class='ocrx_word' id='word_1_38' title='bbox 775 975 908 1048; x_wconf 91' lang='lat' dir='ltr'>propter</span> <span class='ocrx_word' id='word_1_39' title='bbox 932 963 1001 1047; x_wconf 90' lang='lat' dir='ltr'>ejus</span> <span class='ocrx_word' id='word_1_40' title='bbox 1021 962 1183 1048; x_wconf 84' lang='lat' dir='ltr'>insignem</span> 
     </span>
     <span class='ocr_line' id='line_1_7' title="bbox 156 1073 1183 1163; baseline -0.001 -20"><span class='ocrx_word' id='word_1_41' title='bbox 156 1080 194 1142; x_wconf 86' lang='lat' dir='ltr'>ad</span> <span class='ocrx_word' id='word_1_42' title='bbox 216 1078 341 1163; x_wconf 76' lang='lat' dir='ltr'>quaevis</span> <span class='ocrx_word' id='word_1_43' title='bbox 365 1077 436 1162; x_wconf 91' lang='lat' dir='ltr'>ejus</span> <span class='ocrx_word' id='word_1_44' title='bbox 456 1097 591 1140; x_wconf 86' lang='lat' dir='ltr'>munera</span> <span class='ocrx_word' id='word_1_45' title='bbox 612 1073 875 1159; x_wconf 87' lang='lat' dir='ltr'>ineptitudinem,</span> <span class='ocrx_word' id='word_1_46' title='bbox 900 1086 932 1138; x_wconf 94' lang='lat' dir='ltr'>et</span> <span class='ocrx_word' id='word_1_47' title='bbox 955 1074 1183 1160; x_wconf 82' lang='lat' dir='ltr'>multomagis</span> 
     </span>
     <span class='ocr_line' id='line_1_8' title="bbox 158 1186 1183 1275; baseline -0.004 -20"><span class='ocrx_word' id='word_1_48' title='bbox 158 1190 276 1255; x_wconf 87' lang='lat' dir='ltr'>dimitti</span> <span class='ocrx_word' id='word_1_49' title='bbox 303 1199 477 1275; x_wconf 87' lang='lat' dir='ltr'>oporteret,</span> <span class='ocrx_word' id='word_1_50' title='bbox 503 1189 531 1252; x_wconf 91' lang='lat' dir='ltr'>si</span> <span class='ocrx_word' id='word_1_51' title='bbox 558 1187 713 1252; x_wconf 82' lang='lat' dir='ltr'>Societati</span> <span class='ocrx_word' id='word_1_52' title='bbox 737 1188 893 1250; x_wconf 86' lang='lat' dir='ltr'>damnum</span> <span class='ocrx_word' id='word_1_53' title='bbox 918 1186 1072 1250; x_wconf 87' lang='lat' dir='ltr'>allaturus</span> <span class='ocrx_word' id='word_1_54' title='bbox 1098 1189 1183 1251; x_wconf 88' lang='lat' dir='ltr'>malo</span> 
     </span>
     <span class='ocr_line' id='line_1_9' title="bbox 157 1299 1184 1387; baseline -0.004 -20"><span class='ocrx_word' id='word_1_55' title='bbox 157 1303 227 1367; x_wconf 87' lang='lat' dir='ltr'>vitae</span> <span class='ocrx_word' id='word_1_56' title='bbox 243 1303 393 1387; x_wconf 89' lang='lat' dir='ltr'>exemplo</span> <span class='ocrx_word' id='word_1_57' title='bbox 408 1301 564 1380; x_wconf 85' lang='lat' dir='ltr'>videatur,</span> <span class='ocrx_word' id='word_1_58' title='bbox 580 1322 617 1364; x_wconf 85' lang='lat' dir='ltr'>ac</span> <span class='ocrx_word' id='word_1_59' title='bbox 631 1299 794 1385; x_wconf 75' lang='lat' dir='ltr'>praecipue</span> <span class='ocrx_word' id='word_1_60' title='bbox 815 1299 842 1362; x_wconf 89' lang='lat' dir='ltr'>si</span> <span class='ocrx_word' id='word_1_61' title='bbox 863 1301 1019 1381; x_wconf 71' lang='lat' dir='ltr'>inquietae</span> <span class='ocrx_word' id='word_1_62' title='bbox 1041 1311 1136 1379; x_wconf 91' lang='lat' dir='ltr'>esset,</span> <span class='ocrx_word' id='word_1_63' title='bbox 1152 1312 1184 1365; x_wconf 93' lang='lat' dir='ltr'>et</span> 
     </span>
     <span class='ocr_line' id='line_1_10' title="bbox 158 1410 1184 1495; baseline -0.002 -17"><span class='ocrx_word' id='word_1_64' title='bbox 158 1415 259 1480; x_wconf 85' lang='lat' dir='ltr'>verbis</span> <span class='ocrx_word' id='word_1_65' title='bbox 291 1425 348 1478; x_wconf 86' lang='lat' dir='ltr'>aut</span> <span class='ocrx_word' id='word_1_66' title='bbox 378 1412 503 1477; x_wconf 89' lang='lat' dir='ltr'>actibus</span> <span class='ocrx_word' id='word_1_67' title='bbox 534 1412 765 1477; x_wconf 88' lang='lat' dir='ltr'>offendiculum</span> <span class='ocrx_word' id='word_1_68' title='bbox 796 1410 865 1474; x_wconf 88' lang='lat' dir='ltr'>aliis</span> <span class='ocrx_word' id='word_1_69' title='bbox 891 1411 1059 1495; x_wconf 89' lang='lat' dir='ltr'>praeberet.</span> <span class='ocrx_word' id='word_1_70' title='bbox 1110 1412 1184 1476; x_wconf 95' lang='lat' dir='ltr'>Hoc</span> 
     </span>
     <span class='ocr_line' id='line_1_11' title="bbox 160 1522 1184 1604; baseline -0.004 -14"><span class='ocrx_word' id='word_1_71' title='bbox 160 1526 241 1590; x_wconf 90' lang='lat' dir='ltr'>enim</span> <span class='ocrx_word' id='word_1_72' title='bbox 263 1525 411 1604; x_wconf 88' lang='lat' dir='ltr'>tolerare,</span> <span class='ocrx_word' id='word_1_73' title='bbox 434 1524 598 1588; x_wconf 82' lang='lat' dir='ltr'>eharitatis</span> <span class='ocrx_word' id='word_1_74' title='bbox 621 1546 688 1587; x_wconf 92' lang='lat' dir='ltr'>non</span> <span class='ocrx_word' id='word_1_75' title='bbox 710 1534 808 1602; x_wconf 90' lang='lat' dir='ltr'>esset,</span> <span class='ocrx_word' id='word_1_76' title='bbox 825 1523 881 1585; x_wconf 90' lang='lat' dir='ltr'>sed</span> <span class='ocrx_word' id='word_1_77' title='bbox 896 1522 966 1586; x_wconf 90' lang='lat' dir='ltr'>vitii</span> <span class='ocrx_word' id='word_1_78' title='bbox 981 1523 1133 1587; x_wconf 84' lang='lat' dir='ltr'>contrarii</span> <span class='ocrx_word' id='word_1_79' title='bbox 1149 1524 1184 1586; x_wconf 93' lang='lat' dir='ltr'>in</span> 
     </span>
     <span class='ocr_line' id='line_1_12' title="bbox 161 1634 1202 1722; baseline -0.003 -21"><span class='ocrx_word' id='word_1_80' title='bbox 161 1660 193 1702; x_wconf 90' lang='lat' dir='ltr'>eo</span> <span class='ocrx_word' id='word_1_81' title='bbox 215 1637 360 1722; x_wconf 89' lang='lat' dir='ltr'>quidem,</span> <span class='ocrx_word' id='word_1_82' title='bbox 381 1636 437 1720; x_wconf 92' lang='lat' dir='ltr'>qui</span> <span class='ocrx_word' id='word_1_83' title='bbox 463 1647 592 1701; x_wconf 91' lang='lat' dir='ltr'>tenetur</span> <span class='ocrx_word' id='word_1_84' title='bbox 616 1657 805 1699; x_wconf 88' lang='lat' dir='ltr'>conservare</span> <span class='ocrx_word' id='word_1_85' title='bbox 830 1634 983 1719; x_wconf 89' lang='lat' dir='ltr'>quietem,</span> <span class='ocrx_word' id='word_1_86' title='bbox 1006 1647 1039 1699; x_wconf 91' lang='lat' dir='ltr'>et</span> <span class='ocrx_word' id='word_1_87' title='bbox 1060 1635 1202 1700; x_wconf 89' lang='lat' dir='ltr'>bonum</span> 
     </span>
     <span class='ocr_line' id='line_1_13' title="bbox 163 1746 750 1827; baseline -0.005 -14"><span class='ocrx_word' id='word_1_88' title='bbox 163 1760 277 1827; x_wconf 86' lang='lat' dir='ltr'>statum</span> <span class='ocrx_word' id='word_1_89' title='bbox 294 1748 465 1814; x_wconf 83' lang='lat' dir='ltr'>Societatis</span> <span class='ocrx_word' id='word_1_90' title='bbox 481 1747 543 1812; x_wconf 91' lang='lat' dir='ltr'>sibi</span> <span class='ocrx_word' id='word_1_91' title='bbox 558 1746 750 1811; x_wconf 75' lang='lat' dir='ltr'>commissae.</span> 
     </span>
    </p>

    <p class='ocr_par' dir='ltr' id='par_1_3' title="bbox 131 1858 1188 3283">
     <span class='ocr_line' id='line_1_14' title="bbox 131 1858 1184 1944; baseline 0.004 -24"><span class='ocrx_word' id='word_1_92' title='bbox 131 1860 311 1941; x_wconf 77' lang='lat' dir='ltr'>t&#39;lertium,</span> <span class='ocrx_word' id='word_1_93' title='bbox 340 1860 368 1924; x_wconf 89' lang='lat' dir='ltr'>si</span> <span class='ocrx_word' id='word_1_94' title='bbox 394 1859 604 1944; x_wconf 85' lang='lat' dir='ltr'>judicaretur,</span> <span class='ocrx_word' id='word_1_95' title='bbox 634 1858 669 1922; x_wconf 91' lang='lat' dir='ltr'>id</span> <span class='ocrx_word' id='word_1_96' title='bbox 698 1859 765 1922; x_wconf 88' lang='lat' dir='ltr'>fore</span> <span class='ocrx_word' id='word_1_97' title='bbox 796 1869 909 1922; x_wconf 88' lang='lat' dir='ltr'>contra</span> <span class='ocrx_word' id='word_1_98' title='bbox 940 1859 1121 1937; x_wconf 83' lang='lat' dir='ltr'>Societatis,</span> <span class='ocrx_word' id='word_1_99' title='bbox 1148 1882 1184 1924; x_wconf 92' lang='lat' dir='ltr'>ac</span> 
     </span>
     <span class='ocr_line' id='line_1_15' title="bbox 163 1969 1184 2057; baseline 0.001 -24"><span class='ocrx_word' id='word_1_100' title='bbox 163 1971 251 2035; x_wconf 86' lang='lat' dir='ltr'>simul</span> <span class='ocrx_word' id='word_1_101' title='bbox 265 1970 369 2057; x_wconf 90' lang='lat' dir='ltr'>ipsius</span> <span class='ocrx_word' id='word_1_102' title='bbox 386 1970 587 2034; x_wconf 84' lang='lat' dir='ltr'>dimittendae</span> <span class='ocrx_word' id='word_1_103' title='bbox 605 1992 753 2055; x_wconf 91' lang='lat' dir='ltr'>personae</span> <span class='ocrx_word' id='word_1_104' title='bbox 767 1969 911 2048; x_wconf 85' lang='lat' dir='ltr'>bonum3</span> <span class='ocrx_word' id='word_1_105' title='bbox 934 1970 1023 2053; x_wconf 91' lang='lat' dir='ltr'>quod</span> <span class='ocrx_word' id='word_1_106' title='bbox 1037 1992 1077 2032; x_wconf 84' lang='lat' dir='ltr'>ex</span> <span class='ocrx_word' id='word_1_107' title='bbox 1091 1983 1184 2054; x_wconf 90' lang='lat' dir='ltr'>parte</span> 
     </span>
     <span class='ocr_line' id='line_1_16' title="bbox 164 2080 1184 2166; baseline 0.002 -23"><span class='ocrx_word' id='word_1_108' title='bbox 164 2082 298 2166; x_wconf 89' lang='lat' dir='ltr'>corporis</span> <span class='ocrx_word' id='word_1_109' title='bbox 328 2091 440 2166; x_wconf 89' lang='lat' dir='ltr'>posset</span> <span class='ocrx_word' id='word_1_110' title='bbox 476 2082 631 2161; x_wconf 88' lang='lat' dir='ltr'>accidere,</span> <span class='ocrx_word' id='word_1_111' title='bbox 669 2082 696 2144; x_wconf 93' lang='lat' dir='ltr'>si</span> <span class='ocrx_word' id='word_1_112' title='bbox 734 2093 878 2166; x_wconf 88' lang='lat' dir='ltr'>tempore</span> <span class='ocrx_word' id='word_1_113' title='bbox 917 2080 1120 2144; x_wconf 89' lang='lat' dir='ltr'>Probationis</span> <span class='ocrx_word' id='word_1_114' title='bbox 1150 2082 1184 2146; x_wconf 92' lang='lat' dir='ltr'>in</span> 
     </span>
     <span class='ocr_line' id='line_1_17' title="bbox 163 2192 1183 2278; baseline 0 -22"><span class='ocrx_word' id='word_1_115' title='bbox 163 2193 260 2278; x_wconf 91' lang='lat' dir='ltr'>aliquo</span> <span class='ocrx_word' id='word_1_116' title='bbox 275 2194 422 2273; x_wconf 82' lang='lat' dir='ltr'>morbus,</span> <span class='ocrx_word' id='word_1_117' title='bbox 437 2205 493 2257; x_wconf 89' lang='lat' dir='ltr'>aut</span> <span class='ocrx_word' id='word_1_118' title='bbox 515 2192 664 2257; x_wconf 87' lang='lat' dir='ltr'>debilitas</span> <span class='ocrx_word' id='word_1_119' title='bbox 687 2192 875 2278; x_wconf 90' lang='lat' dir='ltr'>hujusmodi</span> <span class='ocrx_word' id='word_1_120' title='bbox 898 2203 1092 2271; x_wconf 90' lang='lat' dir='ltr'>cerneretur,</span> <span class='ocrx_word' id='word_1_121' title='bbox 1108 2215 1183 2256; x_wconf 92' lang='lat' dir='ltr'>cum</span> 
     </span>
     <span class='ocr_line' id='line_1_18' title="bbox 163 2302 1185 2390; baseline 0.002 -22"><span class='ocrx_word' id='word_1_122' title='bbox 163 2327 220 2388; x_wconf 90' lang='lat' dir='ltr'>qua</span> <span class='ocrx_word' id='word_1_123' title='bbox 248 2328 324 2369; x_wconf 90' lang='lat' dir='ltr'>eum</span> <span class='ocrx_word' id='word_1_124' title='bbox 354 2327 421 2369; x_wconf 92' lang='lat' dir='ltr'>non</span> <span class='ocrx_word' id='word_1_125' title='bbox 450 2327 545 2390; x_wconf 88' lang='lat' dir='ltr'>posse</span> <span class='ocrx_word' id='word_1_126' title='bbox 575 2304 726 2390; x_wconf 85' lang='lat' dir='ltr'>progredi</span> <span class='ocrx_word' id='word_1_127' title='bbox 763 2304 797 2367; x_wconf 90' lang='lat' dir='ltr'>in</span> <span class='ocrx_word' id='word_1_128' title='bbox 833 2302 997 2367; x_wconf 88' lang='lat' dir='ltr'>laboribus</span> <span class='ocrx_word' id='word_1_129' title='bbox 1033 2302 1185 2370; x_wconf 89' lang='lat' dir='ltr'>instituto</span> 
     </span>
     <span class='ocr_line' id='line_1_19' title="bbox 164 2414 1185 2501; baseline 0.001 -22"><span class='ocrx_word' id='word_1_130' title='bbox 164 2426 278 2494; x_wconf 90' lang='lat' dir='ltr'>nostro,</span> <span class='ocrx_word' id='word_1_131' title='bbox 309 2438 347 2480; x_wconf 88' lang='lat' dir='ltr'>ac</span> <span class='ocrx_word' id='word_1_132' title='bbox 383 2417 579 2501; x_wconf 87' lang='lat' dir='ltr'>procedendi</span> <span class='ocrx_word' id='word_1_133' title='bbox 608 2417 706 2480; x_wconf 92' lang='lat' dir='ltr'>modo</span> <span class='ocrx_word' id='word_1_134' title='bbox 742 2414 1008 2480; x_wconf 89' lang='lat' dir='ltr'>convenientibus</span> <span class='ocrx_word' id='word_1_135' title='bbox 1042 2415 1084 2477; x_wconf 90' lang='lat' dir='ltr'>ad</span> <span class='ocrx_word' id='word_1_136' title='bbox 1113 2415 1185 2480; x_wconf 90' lang='lat' dir='ltr'>Deo</span> 
     </span>
     <span class='ocr_line' id='line_1_20' title="bbox 164 2525 1186 2613; baseline 0.001 -23"><span class='ocrx_word' id='word_1_137' title='bbox 164 2528 362 2592; x_wconf 89' lang='lat' dir='ltr'>serviendum</span> <span class='ocrx_word' id='word_1_138' title='bbox 381 2527 565 2592; x_wconf 87' lang='lat' dir='ltr'>videretur:</span> <span class='ocrx_word' id='word_1_139' title='bbox 598 2550 637 2592; x_wconf 85' lang='lat' dir='ltr'>ex</span> <span class='ocrx_word' id='word_1_140' title='bbox 660 2540 752 2613; x_wconf 90' lang='lat' dir='ltr'>parte</span> <span class='ocrx_word' id='word_1_141' title='bbox 775 2549 883 2590; x_wconf 91' lang='lat' dir='ltr'>rerum</span> <span class='ocrx_word' id='word_1_142' title='bbox 902 2525 1017 2605; x_wconf 89' lang='lat' dir='ltr'>animi,</span> <span class='ocrx_word' id='word_1_143' title='bbox 1044 2528 1186 2610; x_wconf 74' lang='lat' dir='ltr'>qnando,</span> 
     </span>
     <span class='ocr_line' id='line_1_21' title="bbox 163 2639 1187 2724; baseline 0.001 -22"><span class='ocrx_word' id='word_1_144' title='bbox 163 2640 213 2722; x_wconf 91' lang='lat' dir='ltr'>qui</span> <span class='ocrx_word' id='word_1_145' title='bbox 242 2640 285 2702; x_wconf 91' lang='lat' dir='ltr'>ad</span> <span class='ocrx_word' id='word_1_146' title='bbox 314 2639 539 2724; x_wconf 87' lang='lat' dir='ltr'>probationem</span> <span class='ocrx_word' id='word_1_147' title='bbox 569 2639 729 2703; x_wconf 90' lang='lat' dir='ltr'>admissus</span> <span class='ocrx_word' id='word_1_148' title='bbox 759 2639 831 2715; x_wconf 87' lang='lat' dir='ltr'>fuit,</span> <span class='ocrx_word' id='word_1_149' title='bbox 862 2660 896 2700; x_wconf 91' lang='lat' dir='ltr'>se</span> <span class='ocrx_word' id='word_1_150' title='bbox 926 2660 1118 2722; x_wconf 91' lang='lat' dir='ltr'>componere</span> <span class='ocrx_word' id='word_1_151' title='bbox 1145 2641 1187 2703; x_wconf 92' lang='lat' dir='ltr'>ad</span> 
     </span>
     <span class='ocr_line' id='line_1_22' title="bbox 162 2750 1187 2836; baseline 0.001 -22"><span class='ocrx_word' id='word_1_152' title='bbox 162 2751 256 2814; x_wconf 87' lang='lat' dir='ltr'>vitam</span> <span class='ocrx_word' id='word_1_153' title='bbox 271 2752 328 2814; x_wconf 77' lang='lat' dir='ltr'>aab</span> <span class='ocrx_word' id='word_1_154' title='bbox 348 2752 530 2816; x_wconf 78' lang='lat' dir='ltr'>ohedientia</span> <span class='ocrx_word' id='word_1_155' title='bbox 545 2763 577 2814; x_wconf 91' lang='lat' dir='ltr'>et</span> <span class='ocrx_word' id='word_1_156' title='bbox 596 2751 690 2836; x_wconf 85' lang='lat' dir='ltr'>juxta</span> <span class='ocrx_word' id='word_1_157' title='bbox 711 2751 845 2814; x_wconf 92' lang='lat' dir='ltr'>modum</span> <span class='ocrx_word' id='word_1_158' title='bbox 867 2750 1063 2834; x_wconf 89' lang='lat' dir='ltr'>procedendi</span> <span class='ocrx_word' id='word_1_159' title='bbox 1079 2751 1187 2815; x_wconf 82' lang='lat' dir='ltr'>Socie-</span> 
     </span>
     <span class='ocr_line' id='line_1_23' title="bbox 162 2863 1187 2948; baseline 0 -22"><span class='ocrx_word' id='word_1_160' title='bbox 162 2863 233 2926; x_wconf 87' lang='lat' dir='ltr'>tatis</span> <span class='ocrx_word' id='word_1_161' title='bbox 258 2863 442 2927; x_wconf 86' lang='lat' dir='ltr'>ducendam</span> <span class='ocrx_word' id='word_1_162' title='bbox 472 2885 539 2926; x_wconf 89' lang='lat' dir='ltr'>non</span> <span class='ocrx_word' id='word_1_163' title='bbox 569 2874 698 2948; x_wconf 84' lang='lat' dir='ltr'>posset3</span> <span class='ocrx_word' id='word_1_164' title='bbox 733 2863 822 2946; x_wconf 80' lang='lat' dir='ltr'>qubd</span> <span class='ocrx_word' id='word_1_165' title='bbox 851 2876 1001 2946; x_wconf 85' lang='lat' dir='ltr'>nequeat,</span> <span class='ocrx_word' id='word_1_166' title='bbox 1031 2863 1082 2927; x_wconf 90' lang='lat' dir='ltr'>vel</span> <span class='ocrx_word' id='word_1_167' title='bbox 1105 2864 1187 2927; x_wconf 91' lang='lat' dir='ltr'>nolit</span> 
     </span>
     <span class='ocr_line' id='line_1_24' title="bbox 157 2976 1188 3058; baseline 0 -20"><span class='ocrx_word' id='word_1_168' title='bbox 157 2977 322 3058; x_wconf 78' lang='lat' dir='ltr'>proprium</span> <span class='ocrx_word' id='word_1_169' title='bbox 358 2996 448 3038; x_wconf 80' lang='lat' dir='ltr'>aarum</span> <span class='ocrx_word' id='word_1_170' title='bbox 476 2996 600 3039; x_wconf 76' lang='lat' dir='ltr'>sensum</span> <span class='ocrx_word' id='word_1_171' title='bbox 629 2982 686 3038; x_wconf 82' lang='lat' dir='ltr'>cut</span> <span class='ocrx_word' id='word_1_172' title='bbox 713 2976 871 3055; x_wconf 81' lang='lat' dir='ltr'>judiciam</span> <span class='ocrx_word' id='word_1_173' title='bbox 900 2976 1099 3056; x_wconf 60' lang='lat' dir='ltr'>effringere,-</span> <span class='ocrx_word' id='word_1_174' title='bbox 1136 2976 1188 3040; x_wconf 89' lang='lat' dir='ltr'>vel</span> 
     </span>
     <span class='ocr_line' id='line_1_25' title="bbox 163 3085 1188 3172; baseline 0 -23"><span class='ocrx_word' id='word_1_175' title='bbox 163 3097 294 3172; x_wconf 91' lang='lat' dir='ltr'>propter</span> <span class='ocrx_word' id='word_1_176' title='bbox 311 3085 373 3150; x_wconf 82' lang='lat' dir='ltr'>alia</span> <span class='ocrx_word' id='word_1_177' title='bbox 392 3086 635 3170; x_wconf 88' lang='lat' dir='ltr'>impedimenta,</span> <span class='ocrx_word' id='word_1_178' title='bbox 660 3108 732 3168; x_wconf 92' lang='lat' dir='ltr'>quae</span> <span class='ocrx_word' id='word_1_179' title='bbox 758 3107 776 3147; x_wconf 88' lang='lat' dir='ltr'>a</span> <span class='ocrx_word' id='word_1_180' title='bbox 793 3096 919 3164; x_wconf 89' lang='lat' dir='ltr'>natura,</span> <span class='ocrx_word' id='word_1_181' title='bbox 943 3085 994 3148; x_wconf 93' lang='lat' dir='ltr'>vel</span> <span class='ocrx_word' id='word_1_182' title='bbox 1012 3106 1031 3146; x_wconf 91' lang='lat' dir='ltr'>a</span> <span class='ocrx_word' id='word_1_183' title='bbox 1052 3107 1188 3149; x_wconf 92' lang='lat' dir='ltr'>consue-</span> 
     </span>
     <span class='ocr_line' id='line_1_26' title="bbox 162 3198 709 3283; baseline -0.002 -21"><span class='ocrx_word' id='word_1_184' title='bbox 162 3199 273 3262; x_wconf 91' lang='lat' dir='ltr'>tudine</span> <span class='ocrx_word' id='word_1_185' title='bbox 287 3210 526 3283; x_wconf 85' lang='lat' dir='ltr'>permanarent.</span> <span class='ocrx_word' id='word_1_186' title='bbox 707 3198 709 3206; x_wconf 84' lang='lat'>&#39;</span> 
     </span>
    </p>

    <p class='ocr_par' dir='ltr' id='par_1_4' title="bbox 127 3307 1190 4182">
     <span class='ocr_line' id='line_1_27' title="bbox 127 3307 1188 3390; baseline 0.002 -20"><span class='ocrx_word' id='word_1_187' title='bbox 127 3315 141 3370; x_wconf 86' lang='lat'><em>5</em></span> <span class='ocrx_word' id='word_1_188' title='bbox 163 3309 335 3388; x_wconf 73' lang='lat' dir='ltr'>Quartum,</span> <span class='ocrx_word' id='word_1_189' title='bbox 356 3309 384 3373; x_wconf 92' lang='lat' dir='ltr'>si</span> <span class='ocrx_word' id='word_1_190' title='bbox 407 3321 591 3374; x_wconf 89' lang='lat' dir='ltr'>cerneretur</span> <span class='ocrx_word' id='word_1_191' title='bbox 614 3310 649 3372; x_wconf 91' lang='lat' dir='ltr'>id</span> <span class='ocrx_word' id='word_1_192' title='bbox 671 3310 738 3373; x_wconf 85' lang='lat' dir='ltr'>fore</span> <span class='ocrx_word' id='word_1_193' title='bbox 761 3319 874 3373; x_wconf 90' lang='lat' dir='ltr'>contra</span> <span class='ocrx_word' id='word_1_194' title='bbox 895 3308 1018 3373; x_wconf 91' lang='lat' dir='ltr'>bonum</span> <span class='ocrx_word' id='word_1_195' title='bbox 1041 3307 1188 3390; x_wconf 90' lang='lat' dir='ltr'>aliorum,</span> 
     </span>
     <span class='ocr_line' id='line_1_28' title="bbox 161 3421 1188 3507; baseline 0.001 -21"><span class='ocrx_word' id='word_1_196' title='bbox 161 3424 271 3507; x_wconf 90' lang='lat' dir='ltr'>quide</span> <span class='ocrx_word' id='word_1_197' title='bbox 289 3422 532 3488; x_wconf 84' lang='lat' dir='ltr'>Societatenon</span> <span class='ocrx_word' id='word_1_198' title='bbox 551 3434 648 3487; x_wconf 87' lang='lat' dir='ltr'>sunt:</span> <span class='ocrx_word' id='word_1_199' title='bbox 682 3423 730 3487; x_wconf 93' lang='lat' dir='ltr'>Ut</span> <span class='ocrx_word' id='word_1_200' title='bbox 749 3422 777 3486; x_wconf 93' lang='lat' dir='ltr'>si</span> <span class='ocrx_word' id='word_1_201' title='bbox 797 3423 1000 3507; x_wconf 89' lang='lat' dir='ltr'>detegeretur</span> <span class='ocrx_word' id='word_1_202' title='bbox 1021 3421 1188 3488; x_wconf 81' lang='lat' dir='ltr'>vinculum</span> 
     </span>
     <span class='ocr_line' id='line_1_29' title="bbox 160 3535 1188 3621; baseline 0 -22"><span class='ocrx_word' id='word_1_203' title='bbox 160 3536 368 3615; x_wconf 87' lang='lat' dir='ltr'>matrimonii,</span> <span class='ocrx_word' id='word_1_204' title='bbox 405 3537 457 3600; x_wconf 86' lang='lat' dir='ltr'>vel</span> <span class='ocrx_word' id='word_1_205' title='bbox 491 3536 655 3601; x_wconf 88' lang='lat' dir='ltr'>servitutis</span> <span class='ocrx_word' id='word_1_206' title='bbox 691 3535 855 3621; x_wconf 83' lang='lat' dir='ltr'>legitimae,</span> <span class='ocrx_word' id='word_1_207' title='bbox 885 3537 937 3603; x_wconf 90' lang='lat' dir='ltr'>vel</span> <span class='ocrx_word' id='word_1_208' title='bbox 973 3559 1017 3600; x_wconf 89' lang='lat' dir='ltr'>aes</span> <span class='ocrx_word' id='word_1_209' title='bbox 1047 3536 1188 3599; x_wconf 88' lang='lat' dir='ltr'>alienum</span> 
     </span>
     <span class='ocr_line' id='line_1_30' title="bbox 160 3647 1189 3733; baseline 0.002 -23"><span class='ocrx_word' id='word_1_210' title='bbox 160 3649 271 3733; x_wconf 84' lang='lat' dir='ltr'>magni</span> <span class='ocrx_word' id='word_1_211' title='bbox 294 3648 471 3712; x_wconf 77' lang='lat' dir='ltr'>momentit</span> <span class='ocrx_word' id='word_1_212' title='bbox 498 3647 617 3732; x_wconf 88' lang='lat' dir='ltr'>quibus</span> <span class='ocrx_word' id='word_1_213' title='bbox 636 3649 671 3711; x_wconf 92' lang='lat' dir='ltr'>in</span> <span class='ocrx_word' id='word_1_214' title='bbox 690 3648 798 3727; x_wconf 77' lang='lat' dir='ltr'>rebuS,</span> <span class='ocrx_word' id='word_1_215' title='bbox 814 3649 891 3712; x_wconf 89' lang='lat' dir='ltr'>dum</span> <span class='ocrx_word' id='word_1_216' title='bbox 915 3648 1006 3712; x_wconf 91' lang='lat' dir='ltr'>initio</span> <span class='ocrx_word' id='word_1_217' title='bbox 1027 3648 1189 3712; x_wconf 87' lang='lat' dir='ltr'>examina-</span> 
     </span>
     <span class='ocr_line' id='line_1_31' title="bbox 157 3759 1190 3843; baseline 0.002 -21"><span class='ocrx_word' id='word_1_218' title='bbox 157 3770 259 3838; x_wconf 87' lang='lat' dir='ltr'>retur,</span> <span class='ocrx_word' id='word_1_219' title='bbox 289 3759 458 3824; x_wconf 89' lang='lat' dir='ltr'>veritatem</span> <span class='ocrx_word' id='word_1_220' title='bbox 488 3760 706 3825; x_wconf 88' lang='lat' dir='ltr'>subticuisset.</span> <span class='ocrx_word' id='word_1_221' title='bbox 753 3760 885 3826; x_wconf 70' lang='lat' dir='ltr'>Quaevis</span> <span class='ocrx_word' id='word_1_222' title='bbox 909 3761 1024 3822; x_wconf 86' lang='lat' dir='ltr'>harum</span> <span class='ocrx_word' id='word_1_223' title='bbox 1051 3771 1190 3843; x_wconf 86' lang='lat' dir='ltr'>quatuor</span> 
     </span>
     <span class='ocr_line' id='line_1_32' title="bbox 158 3872 1190 3959; baseline 0.001 -23"><span class='ocrx_word' id='word_1_224' title='bbox 158 3895 332 3937; x_wconf 89' lang='lat' dir='ltr'>causarum</span> <span class='ocrx_word' id='word_1_225' title='bbox 350 3874 428 3937; x_wconf 90' lang='lat' dir='ltr'>satis</span> <span class='ocrx_word' id='word_1_226' title='bbox 450 3895 520 3937; x_wconf 89' lang='lat' dir='ltr'>esse</span> <span class='ocrx_word' id='word_1_227' title='bbox 544 3874 682 3953; x_wconf 85' lang='lat' dir='ltr'>videtur,</span> <span class='ocrx_word' id='word_1_228' title='bbox 700 3885 738 3937; x_wconf 92' lang='lat' dir='ltr'>ut</span> <span class='ocrx_word' id='word_1_229' title='bbox 762 3874 834 3938; x_wconf 92' lang='lat' dir='ltr'>Deo</span> <span class='ocrx_word' id='word_1_230' title='bbox 858 3872 980 3958; x_wconf 90' lang='lat' dir='ltr'>gratius</span> <span class='ocrx_word' id='word_1_231' title='bbox 1006 3873 1073 3937; x_wconf 88' lang='lat' dir='ltr'>fore</span> <span class='ocrx_word' id='word_1_232' title='bbox 1100 3873 1190 3959; x_wconf 90' lang='lat' dir='ltr'>judi-</span> 
     </span>
     <span class='ocr_line' id='line_1_33' title="bbox 158 3985 1190 4070; baseline 0 -20"><span class='ocrx_word' id='word_1_233' title='bbox 158 4008 284 4065; x_wconf 91' lang='lat' dir='ltr'>cemus,</span> <span class='ocrx_word' id='word_1_234' title='bbox 308 3986 444 4050; x_wconf 74' lang='lat' dir='ltr'>houeste</span> <span class='ocrx_word' id='word_1_235' title='bbox 471 3985 592 4050; x_wconf 90' lang='lat' dir='ltr'>dimitti</span> <span class='ocrx_word' id='word_1_236' title='bbox 615 4008 700 4066; x_wconf 91' lang='lat' dir='ltr'>eum,</span> <span class='ocrx_word' id='word_1_237' title='bbox 725 3987 759 4049; x_wconf 92' lang='lat' dir='ltr'>in</span> <span class='ocrx_word' id='word_1_238' title='bbox 786 4008 850 4070; x_wconf 91' lang='lat' dir='ltr'>quo</span> <span class='ocrx_word' id='word_1_239' title='bbox 875 3985 981 4048; x_wconf 91' lang='lat' dir='ltr'>locum</span> <span class='ocrx_word' id='word_1_240' title='bbox 1006 3985 1190 4065; x_wconf 87' lang='lat' dir='ltr'>habuerint,</span> 
     </span>
     <span class='ocr_line' id='line_1_34' title="bbox 158 4097 1189 4182; baseline 0 -21"><span class='ocrx_word' id='word_1_241' title='bbox 158 4098 260 4181; x_wconf 70' lang='lat' dir='ltr'>quam</span> <span class='ocrx_word' id='word_1_242' title='bbox 275 4097 517 4182; x_wconf 90' lang='lat' dir='ltr'>imprudentem</span> <span class='ocrx_word' id='word_1_243' title='bbox 532 4098 567 4163; x_wconf 91' lang='lat' dir='ltr'>in</span> <span class='ocrx_word' id='word_1_244' title='bbox 582 4121 620 4163; x_wconf 93' lang='lat' dir='ltr'>eo</span> <span class='ocrx_word' id='word_1_245' title='bbox 643 4098 812 4163; x_wconf 90' lang='lat' dir='ltr'>retinendo</span> <span class='ocrx_word' id='word_1_246' title='bbox 828 4097 1017 4162; x_wconf 89' lang='lat' dir='ltr'>charitatem</span> <span class='ocrx_word' id='word_1_247' title='bbox 1033 4119 1189 4163; x_wconf 87' lang='lat' dir='ltr'>exercere.</span> 
     </span>
    </p>
   </div>
   <div class='ocr_carea' id='block_1_3' title="bbox 0 0 1336 4732">
    <p class='ocr_par' dir='ltr' id='par_1_5' title="bbox 0 0 1336 4732">
     <span class='ocr_line' id='line_1_35' title="bbox 0 0 1336 4732; baseline 0 0"><span class='ocrx_word' id='word_1_248' title='bbox 0 0 1336 4732; x_wconf 95' lang='lat' dir='ltr'> </span> 
     </span>
    </p>
   </div>
  </div>
 </body>
</html>
