2646 4732
546 349 718 401 mssrous.
1091 334 1138 403 73

179 507 257 583 The
292 509 419 608 simple
459 534 554 586 vous
603 512 714 586 taken
755 513 802 611 by
840 513 902 586 the
943 511 1138 610 professed,

136 631 318 730 according
348 643 386 707 to
416 633 478 707 the
505 633 782 722 constitutions
809 633 900 707 after
926 634 1137 732 profession,

133 783 185 830 are
209 757 247 832 in
272 758 336 832 the
362 770 448 832 note
474 759 628 833 below.²⁶

163 983 190 1020 ²⁶
212 983 304 1042 From
317 984 367 1043 the
381 983 405 1043 F
406 985 460 1044 irst
474 984 600 1044 General
615 984 838 1063 Congregation,
855 987 912 1046 and
926 987 1086 1048 confirmed
1099 991 1140 1069 by

130 1080 173 1140 the
196 1080 307 1140 Third:
323 1087 385 1126 -“
397 1081 462 1160 Ego
485 1082 528 1141 N.
549 1082 702 1142 Professus
723 1083 876 1142 Societatis
896 1083 977 1156 lesu,
1001 1087 1140 1164 promitto

129 1177 190 1236 Deo
218 1179 412 1258 omnipotenti
435 1199 532 1238 coram
559 1179 623 1259 ejus
650 1179 770 1258 Virgine
798 1179 896 1240 Matre
924 1195 953 1241 et
980 1180 1040 1242 tota
1061 1181 1141 1242 curid

129 1276 247 1346 coelesti,
269 1288 300 1335 et
325 1296 422 1335 coram
446 1276 485 1335 ll.
510 1276 597 1336 Patre
616 1277 781 1356 Praeposito
803 1276 948 1350 Generali,
971 1280 1017 1338 vel
1043 1301 1140 1340 coram

128 1374 165 1433 N.
180 1375 281 1433 locum
296 1374 448 1434 Generalis
463 1375 618 1454 Praepositi
632 1386 756 1446 tenente,
776 1395 924 1455 nunquam
942 1397 988 1436 me
1007 1391 1140 1437 acturum

129 1471 309 1551 qudcumque
332 1472 443 1532 ratione
460 1472 506 1530 vel
528 1492 748 1543 consensurum,
770 1486 812 1543 ut,
835 1495 902 1552 quae
924 1475 1056 1534 ordinata
1072 1489 1140 1536 sunt

129 1573 201 1630 cirea
216 1571 424 1649 Paupertatem
437 1570 468 1629 in
481 1569 744 1630 Constitutiouibus
759 1571 920 1644 Societatis‚
936 1572 1138 1632 immutentur:

129 1669 179 1727 nisi
200 1667 321 1747 quando
342 1688 381 1728 ex
395 1665 484 1727 causi
500 1665 583 1746 justi
596 1688 693 1727 rerum
707 1669 887 1748 exigentium
900 1670 1048 1729 videretur
1062 1670 1139 1730 Peu-

128 1780 222 1844 pertas
235 1765 439 1845 restringenda
451 1766 554 1844 magis.

164 1869 183 1897 ‘⁶
199 1861 349 1923 Praetered
375 1864 514 1943 promitto
541 1885 690 1942 nunquam
716 1884 763 1923 me
787 1876 920 1925 acturum
943 1867 990 1925 vel
1012 1879 1140 1945 praeten-

131 1983 236 2033 surum,
262 1981 298 2020 ne
320 1959 459 2020 indirecte
482 1960 609 2039 quidem,
632 1963 713 2020 utin
733 1962 860 2040 aliquam
880 1963 1078 2041 praelationem
1092 1965 1140 2024 vel

131 2059 298 2137 dignitatern
312 2059 341 2116 in
355 2057 499 2117 Societate
514 2057 613 2136 eliger,
628 2059 675 2118 vel
688 2079 870 2137 promovear.

166 2162 185 2191 ‘⁶
200 2155 346 2215 Promitte
366 2155 510 2235 praeterea
532 2174 681 2233 nunquam
708 2176 754 2215 me
781 2169 951 2215 curaturum
975 2171 1139 2235 praetensu·

132 2274 228 2314 rumve
239 2265 325 2313 extra
338 2254 513 2313 Societatem
526 2253 729 2332 praelationem
739 2255 876 2332 aliquam,
891 2255 938 2314 vel
951 2255 1137 2333 dignitatem

133 2374 179 2413 nec
204 2373 413 2413 consensurum
435 2351 465 2410 in
483 2353 540 2411 mei
560 2352 740 2423 electionem,
763 2365 902 2430 quantum
925 2353 955 2411 in
978 2374 1024 2412 me
1043 2355 1139 2425 fuerit,

133 2451 181 2510 nisi
202 2463 339 2510 coactum
357 2449 521 2508 obedientia
542 2449 615 2528 ejus,
634 2449 685 2528 qui
703 2449 774 2509 mihi
791 2450 949 2528 praecipere
968 2462 1065 2529 potest
1084 2451 1139 2510 sub

132 2546 215 2626 poend
228 2539 352 2627 peccati.

168 2652 186 2679 ‘⁴
201 2645 290 2714 Tum,
305 2644 330 2703 si
344 2663 431 2723 quam
445 2645 534 2704 sciam
547 2642 659 2722 aliquid
671 2644 879 2722 praedictorum
890 2643 1015 2704 duomm
1028 2665 1139 2718 curare,

133 2743 174 2803 vel
187 2741 380 2823 praetendere,
400 2742 540 2822 promitto
558 2741 649 2812 illum,
671 2760 792 2820 remque
807 2752 899 2800 totam
912 2761 960 2801 me
973 2743 1141 2804 manifesta·

134 2853 227 2901 turum
241 2839 388 2911 Societati,
403 2837 449 2898 vel
464 2837 629 2917 Praeposito
643 2835 716 2917 ejus.

168 2939 327 3017 “Insuper
348 2936 497 3015 promitto,
522 2934 682 3013 siquando
702 2930 848 3005 acciderit,
870 2948 903 2995 ut
916 2935 970 2994 hac
989 2937 1143 2997 rationein

133 3031 290 3091 Praesidem
310 3029 433 3109 alicujus
447 3029 587 3089 Ecclesiae
605 3049 793 3108 promovear:
817 3049 872 3107 pro
891 3026 970 3099 curi,
993 3050 1080 3107 quam
1104 3031 1142 3091 de

133 3130 233 3188 animae
255 3147 329 3188 meae
350 3126 453 3197 salute,
476 3147 510 3186 ac
530 3138 611 3185 recta
630 3126 758 3186 muneris
779 3125 850 3184 mihi
871 3125 997 3203 impositi
1018 3127 1141 3186 admini-

133 3226 267 3287 stratione
293 3245 394 3304 gerere
417 3224 520 3295 debeo,
543 3243 590 3282 me
614 3243 650 3282 eo
673 3223 749 3294 loco,
774 3243 807 3282 ac
831 3243 951 3280 numero
975 3223 1142 3283 habiturum

133 3323 325 3405 Praepositum
352 3321 504 3381 Societatis
531 3319 715 3390 Generalem,
749 3332 782 3378 ut
814 3337 963 3396 nunquam
989 3319 1142 3399 consilium

133 3423 231 3481 audire
253 3420 421 3490 detrectem,
445 3418 525 3496 quod
544 3418 591 3476 vel
608 3418 671 3496 ipse
690 3436 743 3495 per
766 3437 807 3486 se,
831 3415 879 3474 vel
897 3415 991 3492 quivis
1010 3416 1085 3475 alius
1105 3417 1143 3476 de

134 3519 284 3587 Societate,
299 3531 387 3595 quem
401 3517 438 3575 ad
452 3516 483 3574 id
504 3516 566 3594 ipse
581 3515 637 3573 sibi
650 3514 843 3584 substituerit,
862 3513 932 3572 dare
949 3513 1021 3571 mihi
1040 3513 1144 3592 digna·

132 3616 217 3677 bitur.
262 3613 398 3673 Consiliis
412 3632 483 3671 vero
496 3611 666 3691 hujusmodi
687 3610 728 3670 ita
748 3631 795 3668 me
809 3611 972 3688 pariturum
985 3630 1059 3680 esse,
1074 3631 1142 3688 pro-

133 3713 223 3783 mitto,
238 3711 264 3770 si
278 3730 313 3770 ea
326 3709 446 3769 meliora
459 3728 533 3779 esse,
548 3705 636 3786 quim
650 3727 717 3786 quae
731 3705 803 3764 mihi
817 3706 845 3764 in
862 3718 988 3764 mentem
1003 3707 1142 3777 venerint,

132 3807 277 3886 judicabo.
321 3807 428 3866 Omnia
445 3805 634 3883 intelligendo
652 3805 739 3882 juxta
761 3802 912 3862 Societatis
935 3802 1008 3861 Jesu
1027 3801 1144 3862 Consti·

136 3908 258 3967 tutiores
282 3917 313 3966 et
339 3901 646 3966 Declarationes.-In
670 3901 720 3960 tali
745 3901 820 3972 loco,
844 3899 894 3959 tali
915 3899 972 3970 die,
996 3919 1095 3960 mense
1116 3911 1145 3959 et

137 4023 215 4076 anno,
228 4004 284 4064 dre.

528 4149 546 4178 ‘⁸
560 4144 643 4203 Ltus
655 4140 753 4201 Dso.”
