2646 4732
536 335 628 379 PARS
653 337 816 385 Quartus.

175 621 219 663 DE
238 621 576 667 uulvunsl'rnrmus
594 625 633 666 IN
652 625 854 672 SOOIETA'l'E
871 629 1138 678 ADMITTENDIS·

137 911 146 966 l
172 905 306 1003 ljannnu
334 905 500 969 charitatis
526 905 620 1003 ratiq-
645 927 710 991 qua
737 906 882 993 Collegia
908 909 1136 987 admittuntur,
1163 921 1195 973 et

170 1017 307 1101 publicae
328 1017 457 1113 Schqlae
475 1001 513 1080 in
541 1009 596 1082 eis*
610 1031 678 1082 non
701 1019 829 1082 tantiam
852 1021 893 1083 ad
917 1029 1113 1101 nostrorum,
1138 1023 1196 1086 sed

169 1115 268 1214 magis
284 1128 384 1193 etiam
399 1130 442 1193 ad
456 1141 662 1224 externorum
678 1129 927 1196 aedificationem
949 1131 983 1195 in
1000 1124 1147 1197 doctrina
1161 1144 1194 1197 et

168 1238 312 1326 moribus
342 1237 507 1318 tenentur,
536 1241 671 1337 extendi
707 1242 827 1328 poterit
864 1244 906 1306 ad
936 1244 1194 1309 Universitatum

167 1373 276 1415 curam
300 1351 539 1437 suscipiendam
553 1334 570 1432 3⁴
584 1363 623 1417 ut
640 1352 675 1415 in
700 1353 745 1418 eis
767 1353 821 1417 hic
843 1354 969 1418 fructus
990 1356 1194 1435 extendatur,

165 1461 327 1548 latiusque
342 1474 453 1548 pateat
468 1475 535 1528 tam
556 1464 591 1527 in
615 1463 776 1543 Scientiis,
799 1487 872 1550 quae
895 1467 1080 1546 traduntur,
1095 1468 1192 1550 quam

166 1573 198 1638 in
222 1574 425 1655 hominibus,
451 1574 507 1660 qui
535 1575 577 1640 ad
602 1597 656 1639 eas
675 1575 883 1655 conveniunt,
907 1588 939 1641 et
961 1578 1126 1662 gradibus
1151 1577 1194 1641 ad

165 1708 244 1770 quos
274 1698 520 1772 promoventur,
549 1699 586 1750 ut
617 1686 687 1750 aliis
717 1687 752 1751 in
781 1687 861 1751 locis
891 1710 967 1750 cum
997 1688 1192 1752 authoritate

164 1797 277 1862 docere
299 1796 440 1883 possint,
462 1798 551 1882 quod
573 1798 607 1861 in
629 1797 680 1862 his
701 1797 785 1862 bene
808 1799 849 1861 ad
864 1799 928 1862 Dei
950 1799 1085 1884 gloriam
1108 1799 1191 1862 didi-

164 1909 276 1974 cer-int.

129 2020 293 2088 llinibus
316 2031 427 2084 tamen
449 2019 701 2100 conditionibus,
723 2029 756 2083 et
777 2020 1040 2106 obligationibus,
1056 2022 1189 2105 quibus-

163 2154 223 2217 que
237 2133 272 2198 in
288 2131 370 2197 locis
385 2130 572 2217 hujusmodi
588 2131 825 2197 Universitates
840 2132 968 2195 admitti
984 2131 1132 2211 debeant,
1148 2133 1189 2213 ei,

164 2246 217 2330 qui
235 2268 423 2332 supremam
448 2267 559 2309 curam
582 2244 752 2312 Societatis
775 2245 883 2324 habet,
901 2244 1116 2330 judicandum
1138 2269 1188 2309 re-

162 2358 329 2445 linquitur.
376 2358 443 2424 Qui
469 2357 688 2422 assistentium
717 2357 778 2422 sibi
804 2356 923 2421 auditis
951 2356 1130 2435 sententiis,
1155 2369 1188 2420 et

163 2472 308 2551 aliorum,
324 2493 406 2556 quos
421 2471 456 2534 in
478 2469 650 2535 consilium
672 2469 818 2534 adhiberi
840 2470 937 2550 volet,
952 2492 1011 2555 per
1029 2492 1062 2533 se
1078 2468 1187 2554 ipsum

164 2583 337 2648 deliberare
360 2582 500 2668 poterit3
533 2604 576 2646 an
606 2580 671 2646 sint
695 2581 916 2646 admittendae.
960 2581 1039 2645 Non
1066 2594 1186 2661 tamen,

163 2707 336 2782 postquam
357 2695 506 2760 admissae
529 2694 650 2760 fuerint
674 2697 742 2760 sine
764 2695 1023 2780 Congrcgatione
1045 2696 1186 2781 generali

163 2832 218 2895 per
232 2833 308 2874 eum
324 2809 457 2874 dissolvi
470 2787 635 2894 poterunt.

128 2923 248 2990 Minio
266 2935 377 2987 tamen
400 2921 548 3006 religiosa
571 2920 674 3005 quies,
696 2931 728 2983 et
752 2919 934 3005 spirituales
955 2921 1184 3005 occupationes

163 3059 220 3101 nec
235 3036 336 3101 animi
351 3034 604 3113 distractionem,
619 3055 679 3098 nec
694 3032 755 3096 alia
769 3033 984 3111 incommoda,
1001 3055 1074 3116 quae
1095 3033 1184 3118 judi-

164 3149 254 3213 candi
270 3149 306 3212 in
331 3147 428 3213 rebus
450 3146 598 3211 civilibus
617 3145 668 3210 vel
691 3144 909 3209 criminalibus
930 3143 1071 3207 officium
1092 3145 1184 3227 scqui

164 3261 274 3341 solent,
287 3258 440 3324 Societati
453 3257 648 3344 permittunt
653 3282 663 3336 ;
680 3254 863 3341 jurisdictio
874 3253 1072 3340 hujusmodi,
1084 3276 1181 3339 quam

163 3394 217 3457 per
236 3395 282 3452 se,
307 3372 360 3437 vel
384 3393 443 3457 per
460 3370 539 3434 alios
561 3391 581 3432 a
602 3391 635 3433 se
658 3368 878 3454 dependentes
901 3389 1046 3432 exercere
1067 3366 1181 3430 debeat

164 3483 314 3565 Societas,
330 3504 395 3546 non
411 3481 619 3547 admittatur:
642 3479 779 3564 quanvis
794 3480 835 3543 ad
850 3501 898 3558 ea,
913 3501 986 3563 quae
1002 3479 1042 3541 ad
1056 3478 1180 3542 bonum

163 3607 279 3660 statum
306 3594 535 3660 Universitatis
557 3593 687 3680 proprie
706 3592 881 3677 pertinent,
907 3589 1077 3655 conveniat
1103 3589 1181 3653 Jus-

163 3709 237 3773 titiae
252 3707 423 3774 ordinariae
440 3707 505 3771 sive
521 3704 672 3770 secularis
688 3704 754 3768 sive
770 3703 993 3768 ecclesiasticae
1015 3701 1181 3766 ministros

162 3820 242 3886 circa
266 3820 473 3907 punitionem
504 3817 776 3884 scholasticorum
813 3819 1003 3881 voluntatem
1037 3817 1182 3880 Hectoris

163 3933 388 4000 Universitatis
407 3931 469 3995 sibi
488 3930 701 4015 significatam
729 3927 854 4013 exequi,
875 3939 907 3991 et
929 3928 1107 4011 generatim
1130 3951 1180 3991 res

615 4070 636 4111 Ε
