2646 4732
518 350 792 400 1111110111.
1115 346 1175 404 las

164 516 403 582 instrumentum
429 517 644 604 conjungunt,
674 541 711 583 ac
742 520 932 605 disponunt,
961 531 1000 584 ut
1026 522 1179 588 11111111

164 653 250 695 manu
263 638 351 696 recte
366 630 576 717 gubernetur,
591 633 769 697 efficaciora
784 643 872 713 sunt,
888 655 986 717 quam
1009 656 1082 719 quae
1096 634 1179 700 illud

165 745 333 830 disponunt
362 766 439 829 erga
467 745 626 809 homines.
672 745 873 830 Hujusmodi
902 756 952 810 est
976 746 1121 832 probitas
1146 760 1179 813 et

162 856 264 936 virtus,
279 879 318 921 ac
332 857 496 942 praecipue
511 857 662 937 1111111111,
678 869 710 921 01
732 880 815 943 pura
836 857 974 921 intentio
997 858 1097 922 divini
1113 882 1180 923 ser-

161 967 231 1047 vitii,
245 949 280 1032 et
293 969 495 1032 familiaritas
517 991 593 1033 cum
609 970 681 1034 Deo
696 969 730 1032 in
754 969 976 1055 spiritualibus
999 971 1179 1036 devotionis

160 1079 321 1162 exercitiis,
337 1088 371 1145 et
393 1081 481 1144 zelus
505 1102 660 1166 syncerus
684 1081 875 1161 animarum,
891 1082 933 1144 ad
947 1082 1082 1166 gloriam
1098 1082 1179 1168 ejus,

159 1192 274 1276 quiens
290 1191 411 1256 creavit
426 1214 463 1256 ac
477 1192 625 1272 redemit,
641 1192 755 1276 quovis
771 1193 832 1257 alio
855 1193 1073 1258 emolumento
1088 1207 1181 1280 post-

158 1304 271 1368 habito.
317 1303 457 1368 Videtur
478 1307 586 1388 itaque
613 1304 648 1367 in
678 1305 866 1368 universum
889 1307 1070 1371 curandum
1097 1330 1178 1387 esse,

158 1426 189 1478 ut
203 1437 329 1496 omnes,
344 1415 400 1500 qui
416 1437 450 1479 se
467 1415 621 1479 Societati
635 1415 840 1497 addixerunt,
854 1417 889 1480 in
908 1417 1067 1482 virtutum
1083 1418 1181 1482 solid·

159 1548 243 1590 arum
273 1549 311 1591 ac
341 1528 567 1612 perfectarum,
598 1539 630 1591 et
655 1527 870 1613 spiritualium
895 1551 1004 1593 rerum
1035 1531 1179 1594 studium

157 1637 345 1702 incumbant
355 1665 365 1719 3
388 1640 449 1703 hnc
463 1639 499 1703 11
517 1639 704 1724 hujusmodi
726 1640 832 1726 majus
853 1653 1067 1723 momentum,
1083 1643 1180 1727 quam

158 1748 188 1813 in
202 1749 362 1830 doctrina,
376 1752 428 1815 vel
443 1751 512 1814 aliis
535 1751 629 1815 donis
652 1752 853 1816 naturalibus
875 1760 909 1816 et
928 1753 1081 1818 humanis
1104 1776 1182 1818 con-

158 1862 305 1926 stitutum
335 1885 405 1927 esse
435 1864 567 1928 ducant.
614 1865 698 1928 Haec
728 1865 815 1929 enim
844 1866 997 1930 interiora
1027 1878 1116 1947 sunt,
1140 1890 1180 1931 ex

158 1974 272 2059 quibus
287 1976 462 2040 efficaciam
477 1976 519 2040 ad
534 1976 691 2040 exteriora
709 1999 898 2062 permanare
914 1979 1070 2043 adfinem
1084 1978 1180 2044 nobis

156 2087 357 2173 propositum
372 2099 509 2174 oportet.

127 2203 141 2260 3
159 2199 228 2264 Hoc
245 2200 336 2285 jacto
351 2200 575 2281 fundamento,
590 2202 696 2266 media
714 2201 769 2264 illa
791 2200 959 2280 naturalia,
975 2223 1049 2285 quae
1064 2200 1128 2265 Dei
1143 2223 1181 2266 ac

158 2312 289 2377 Domini
303 2313 408 2378 nostri
421 2313 676 2378 instrumentum
693 2314 733 2377 ab
749 2336 786 2377 01
800 2325 890 2399 parte
912 2314 1103 2399 disponunt,
1117 2336 1182 2399 qua

158 2424 318 2509 proximos
342 2423 485 2510 respicit,
510 2424 545 2488 11
571 2425 759 2490 universum
783 2426 825 2489 ad
851 2425 1127 2490 conservationem
1149 2436 1182 2488 01
1300 2428 1302 2432 ’

159 2535 392 2602 incrementum
407 2537 507 2601 totius
527 2537 625 2623 hujus
648 2537 792 2623 corporis
815 2538 999 2602 conferent:
1031 2537 1058 2601 si
1073 2548 1183 2601 tamen

158 2660 188 2713 et
210 2650 432 2730 addiscantur,
462 2661 496 2714 et
520 2654 730 2714 exerceantur
756 2672 890 2734 syncere
916 2650 958 2714 ad
984 2649 1089 2714 solum
1119 2650 1183 2714 Dei

159 2761 371 2852 obsequium3
401 2783 469 2826 1101
493 2773 531 2826 ut
550 2762 613 2826 illis
639 2761 759 2826 fiducia
782 2773 893 2826 nostra
918 2762 1098 2842 innitatur3
1124 2761 1183 2825 sed

158 2873 264 2958 potius
278 2883 318 2936 ut
334 2872 451 2938 divinae
471 2873 583 2959 gratiae
600 2873 697 2958 juxta
719 2895 855 2937 summae
877 2873 1090 2958 providentiae
1114 2895 1181 2936 suae

158 2985 302 3049 ordinem
331 3007 392 3070 per
419 2985 490 3049 haee
520 3007 741 3070 cooperemur,
771 2985 828 3070 qui
858 2985 900 3048 ad
929 2984 1064 3069 gloriam
1090 3006 1183 3048 suam

159 3106 223 3160 tam
245 3096 333 3160 dona
356 3097 524 3177 naturalia,
549 3119 622 3182 quae
645 3097 715 3182 ipse
737 3108 776 3161 ut
799 3097 943 3175 Creator,
966 3117 1063 3179 quam
1086 3116 1185 3180 super

159 3210 326 3291 1111111111,
341 3232 414 3295 quae
428 3222 468 3275 ut
481 3211 594 3296 gratiae
616 3211 734 3275 author
756 3211 867 3290 donat,
881 3210 952 3274 vult
974 3209 1094 3273 referri.
1139 3209 1184 3273 Et

157 3322 229 3388 ideo
252 3323 360 3388 media
388 3325 542 3403 humana,
572 3323 624 3389 vel
652 3345 711 3409 per
733 3322 928 3387 industriam
953 3321 1120 3407 acquisita,
1147 3344 1184 3386 ac

158 3434 320 3520 praecipue
340 3435 488 3500 doctrina
507 3447 619 3499 exacta
640 3445 673 3498 et
696 3433 809 3513 solida,
824 3443 857 3497 et
878 3434 995 3497 modus
1017 3455 1088 3499 eam
1109 3455 1186 3517 pro-

159 3545 302 3630 ponendi
322 3546 444 3632 populo
459 3546 494 3610 in
510 3545 731 3624 concionibus,
746 3556 779 3609 et
799 3543 1005 3622 lectionibus,
1027 3555 1060 3606 et
1081 3543 1186 3606 forma

161 3656 275 3742 agendi
297 3678 375 3720 cum
395 3657 594 3738 hominibus,
617 3656 811 3740 eosdemque
833 3653 994 3719 tractandi
1014 3652 1186 3736 diligenter

162 3768 302 3832 curanda
316 3776 405 3833 sunt.

129 3883 146 3938 4
163 3877 286 3944 Juverit
299 3879 398 3944 etiam
413 3901 608 3966 magnopere
622 3879 657 3943 in
674 3901 733 3944 suo
750 3879 837 3943 bono
857 3886 997 3941 statuae
1013 3874 1185 3960 disciplina

167 3989 306 4076 Collegia
320 4013 519 4072 conservare,
542 4003 574 4056 et
596 3991 638 4055 ad
659 3991 694 4056 id
716 4012 828 4056 eorum
850 3985 1184 4073 superintendentiam

167 4122 219 4185 per
238 4103 311 4169 illos
337 4126 494 4185 exercere,
514 4104 633 4189 quibus
660 4102 808 4168 utilitatis
835 4098 1021 4185 temporalis
1044 4097 1125 4162 nihil
1147 4118 1186 4160 ex
