2646 4732
173 335 212 391 12
547 349 874 394 cousrmumouuu

232 515 348 599 aliquis
374 515 409 578 in
433 515 600 579 illusiones
627 517 808 596 Daemonis,
832 528 865 580 et
892 538 958 580 non
983 517 1092 601 exigui
1112 518 1268 582 momenti

187 702 188 705 Ἴ
228 634 357 693 ‘errores
372 626 506 690 incidat.
1059 698 1062 701 Α

171 745 209 801 13
234 738 432 802 Litterarum
462 738 666 822 ignorantia3
697 738 749 802 vel
774 738 908 822 ingenii,
939 749 996 801 aut
1025 738 1200 816 memoriae,
1227 739 1268 801 ad

234 873 288 915 eas
304 851 527 929 addiscendas,
543 851 595 915 vel
613 850 734 935 linguae
750 851 791 913 ad
813 850 1042 935 explicandum
1063 851 1219 929 defectus,
1235 851 1268 914 in

232 962 307 1040 illis,
331 961 388 1046 qui
409 983 477 1047 prae
503 962 540 1025 se'
562 961 673 1025 ferunt
698 961 915 1025 intentionem
935 961 986 1025 vel
1004 961 1200 1024 desiderium
1219 961 1269 1023 ul-

233 1073 333 1137 terius
347 1072 588 1158 progrediendi,
600 1073 697 1156 quam
713 1072 819 1136 solent
831 1071 1046 1156 coadjutores
1062 1073 1266 1156 temporales.

170 1192 210 1249 14
234 1184 358 1249 Judicii
374 1185 532 1263 defectuS,
547 1195 580 1248 et
596 1183 748 1247 notabihs
764 1183 798 1246 in
818 1185 951 1265 proprio
974 1204 1064 1246 sensu
1080 1184 1267 1255 obduratam

232 1319 305 1380 quae
322 1296 638 1381 congregationibus
653 1296 794 1358 multum
811 1296 892 1358 solet
907 1296 1063 1359 facessere
1079 1295 1212 1379 negotii.

170 1414 207 1470 15
234 1406 274 1469 In
301 1407 450 1471 exteriori
480 1407 624 1485 homine,
655 1406 800 1469 defectus
831 1405 865 1469 in
895 1406 1081 1490 integritate
1098 1405 1267 1490 eorporis,

233 1517 377 1597 morbus,
393 1517 552 1595 debilitas,
568 1517 619 1581 vel
639 1517 791 1579 notabilis
814 1516 1012 1580 deformitas.
1056 1517 1152 1579 AEtas
1174 1517 1267 1580 valde
1295 1565 1297 1568 >

232 1642 353 1709 tenera,
368 1630 420 1693 vel
434 1630 508 1713 plus
525 1629 603 1691 satis
618 1639 781 1712 provecta.
827 1629 888 1691 AEs
904 1628 1067 1694 alienum:
1090 1629 1142 1691 vel
1157 1629 1268 1692 civiles

234 1739 458 1823 obligationes·

171 1858 210 1914 16
235 1853 310 1918 Quo
332 1851 521 1935 hujusmodi
544 1850 724 1913 defectibus
745 1850 818 1933 quis
841 1851 945 1935 magis
967 1862 1018 1913 est
1038 1850 1209 1930 obnoxius,
1230 1873 1268 1914 eo

234 1963 343 2026 minus
359 1974 409 2027 est
424 1963 573 2042 idoneus,
588 1974 626 2026 ut
642 1964 713 2026 Deo
730 1963 874 2026 Domino
897 1973 1009 2026 nostro
1032 1963 1066 2025 in
1081 1963 1142 2026 hac
1160 1963 1269 2026 Socie-

233 2087 299 2139 tate
323 2076 364 2138 ad
391 2075 572 2139 animarum
597 2074 753 2138 auxilium
778 2074 916 2138 serviat:
951 2087 983 2137 et
1006 2074 1062 2158 qui
1079 2074 1268 2137 facultatem

232 2186 331 2250 habet
354 2186 562 2265 admittendi,
592 2186 708 2265 videat,
735 2208 777 2248 ne
803 2185 968 2249 charitatis
994 2185 1197 2270 particularis
1222 2186 1269 2247 af-

232 2300 337 2364 fectus
352 2299 527 2363 universali
549 2298 741 2383 praevaleat,
765 2319 836 2382 quae
855 2308 893 2360 ut
908 2297 1011 2382 magis
1028 2299 1069 2361 ad
1083 2296 1219 2381 gloriam
1236 2309 1268 2360 et

233 2412 390 2479 honorem
408 2410 531 2476 Christi
548 2409 682 2473 Domini
698 2409 802 2472 nostri
817 2409 904 2487 facit,
920 2409 966 2471 ita
981 2430 1109 2492 semper
1123 2408 1268 2492 praeferri

235 2522 343 2585 debet.

503 2765 551 2806 1111
569 2763 671 2808 uono
689 2765 937 2807 Anumraunr.

631 2853 728 2918 CAP.
754 2855 812 2917 IV.
855 2914 858 2918 Α

195 2965 211 3028 I
236 2966 337 3031 Qum
354 2965 447 3029 nobis
463 2965 497 3028 in
508 2965 651 3028 Domino
666 2966 911 3050 persuademus,
921 2964 963 3026 ad
973 2964 1050 3044 hoc,
1062 2973 1100 3026 ut
1115 2962 1225 3026 divina
1236 2974 1269 3026 et

237 3099 365 3141 summa
380 3076 537 3162 Majestas
553 3077 732 3141 ministerio
756 3076 854 3161 hujus
873 3074 1016 3138 minimae
1033 3074 1203 3138 Societatis
1219 3074 1269 3136 uti

237 3189 400 3274 dignetur,
422 3189 562 3252 multum
585 3190 712 3267 referre,
735 3200 772 3252 ut
795 3187 851 3271 qui
874 3187 915 3250 ad
946 3208 1016 3250 eam
1040 3185 1269 3263 admittuntur,

238 3326 304 3367 non
315 3304 429 3366 solum
449 3303 505 3364 diu
527 3303 706 3386 probentur
728 3302 901 3384 antequam
924 3301 958 3363 in
981 3299 1051 3385 ejus
1074 3321 1191 3383 corpus
1215 3322 1270 3362 co·

239 3427 405 3501 optentur,
426 3414 538 3478 verum
560 3415 657 3478 etiam
680 3426 717 3477 ut
739 3414 830 3477 valde
853 3413 923 3477 noti
946 3413 1022 3492 sint,
1038 3412 1211 3495 antequam
1228 3411 1271 3474 ad

241 3526 468 3593 probationem
485 3549 555 3590 eam
572 3527 797 3605 admittantur,
812 3548 885 3611 quae
900 3527 939 3590 fit
953 3526 988 3590 in
1010 3524 1176 3589 communi
1191 3546 1271 3587 con-

238 3640 328 3704 victu
352 3661 427 3702 cum
458 3638 669 3703 domesticis:
701 3637 832 3723 expedit
862 3637 1096 3709 habitationem
1127 3616 1272 3719 aliquam

240 3762 359 3814 nostrae
390 3750 556 3818 communi
586 3749 795 3835 conjunctam
832 3747 1006 3834 designari,
1042 3747 1110 3824 ubi,
1141 3746 1197 3830 qui
1229 3748 1273 3809 ad

241 3861 468 3926 Probationem
480 3862 708 3940 admittuntur,
716 3862 883 3946 hospitum
895 3882 983 3924 more
996 3858 1179 3923 Duodecim
1189 3856 1273 3935 dies,

241 3972 292 4037 vel
313 3995 415 4055 usque
438 3974 479 4037 ad
501 3972 638 4058 Viginti,
653 3985 685 4036 et
707 3955 977 4058 amplius,prout
994 3968 1159 4055 Superiori
1182 3967 1274 4031 vide-
