2646 4732
545 350 637 393 rans
661 351 808 394 raama,
1162 334 1202 410 27

133 588 137 599 ⁸
187 519 274 581 ctiam
308 518 438 599 scriptio
474 517 592 592 aaa·
629 521 683 600 qai
720 521 842 600 paidom
877 520 944 582 aiae
981 520 1205 601 approbatione

186 636 273 711 atquc
290 650 439 694 concana
459 631 628 712 Praepositi
656 632 818 695 Generalis
846 634 914 712 (qai
937 651 1072 695 censore
1096 633 1204 711 triam,

184 749 216 806 at
239 743 409 823 minimam,
435 745 579 807 doctrino
604 763 642 807 ac
667 747 753 808 claro
777 744 902 825 judicio
924 746 958 807 ia
983 765 1020 809 ca
1040 745 1205 827 facultate

179 855 382 934 proditorum
404 875 455 917 coc
477 855 639 936 aaljt'cict)
661 857 695 918 ia
721 857 819 918 lacem
838 857 941 919 emitti
963 877 1024 918 aaa
1040 862 1203 937 poterant.

184 964 251 1027 lino
278 972 312 1029 et
338 965 536 1050 judiciorum
567 966 607 1029 de
636 966 733 1030 rebus
764 965 897 1051 agendis
927 964 1105 1045 diversitas,
1132 988 1204 1049 quae

183 1085 281 1140 mater
292 1099 364 1141 esse
380 1077 462 1141 solet
477 1077 646 1142 discordiae
661 1088 694 1141 et
708 1077 839 1141 inimica
849 1077 979 1141 unionis
988 1078 1205 1158 voluntatum,

181 1199 338 1272 quantum
358 1189 428 1252 fieri
453 1197 572 1274 potest,
598 1189 710 1254 evitari
734 1189 850 1254 debet:
882 1201 915 1254 et
939 1191 1051 1254 contra
1072 1190 1150 1253 unio
1171 1201 1204 1253 et

180 1299 387 1363 conformitas
403 1311 518 1363 mutua
539 1299 784 1385 diligentissime
807 1301 959 1380 curanda,
982 1323 1053 1381 nec,
1076 1321 1149 1386 quae
1171 1301 1201 1364 ei

180 1411 400 1490 adversantur,
430 1411 648 1496 permittenda
685 1423 786 1476 sunt:
825 1413 890 1496 quo
923 1412 1031 1498 juncti
1063 1413 1202 1476 invicem

179 1524 327 1588 {internae
342 1524 507 1589 charitatis
520 1524 651 1590 vinculo
666 1525 780 1589 melius
796 1536 829 1589 et
844 1526 1004 1590 efficacius
1025 1525 1153 1611 possint
1169 1548 1203 1589 se

179 1636 285 1701 divino
301 1636 469 1721 obsequio,
485 1649 517 1701 et
532 1637 650 1701 auxilio
665 1637 886 1723 proximorum
901 1638 1098 1723 impendere.
1204 1653 1205 1656 ’

131 1751 160 1808 19
180 1745 263 1812 Quia
287 1749 330 1811 ad
354 1770 562 1834 progressum
591 1748 626 1811 in
652 1748 827 1812 virtutibus
851 1734 1036 1813 faciendum
1062 1748 1202 1812 multum

179 1858 302 1923 confert
333 1859 540 1943 antiquorum
570 1860 766 1944 exemplum,
796 1883 860 1944 quo
884 1860 999 1944 reliqui
1024 1860 1066 1923 ad
1091 1881 1202 1923 eorum

178 1969 390 2034 imitationem
406 1971 608 2051 animentur3
631 1971 688 2055 qui
701 1979 820 2057 praeest
835 1971 904 2035 aliis
930 1971 969 2054 (si
991 1971 1082 2034 aliter
1103 1991 1203 2055 pecu-

179 2081 270 2146 liares
286 2083 329 2146 ob
345 2104 458 2146 causas
473 2105 540 2146 non
556 2083 758 2169 judicaretur
772 2082 955 2165 convenire)
973 2091 1006 2145 et
1021 2103 1133 2145 omnes
1149 2081 1202 2144 alii

180 2195 372 2274 sacerdotes,
391 2195 449 2281 qui
472 2195 502 2259 ei
524 2195 731 2276 videbuntur,
754 2196 927 2279 aliquando
949 2193 1085 2279 singulis
1106 2193 1201 2258 annis

179 2305 330 2385 officium,
359 2307 411 2371 vel
440 2307 545 2370 officia
574 2329 696 2386 eorum,
729 2307 785 2391 qui
814 2304 994 2370 inserviunt
1031 2303 1129 2384 domi,
1160 2305 1201 2368 ad

180 2430 306 2504 tempus
337 2418 468 2504 aliquod
505 2418 652 2500 obibunt,
686 2421 751 2504 qub
788 2419 857 2484 aliis
895 2418 1017 2505 gratius
1046 2418 1200 2482 reddatur

179 2530 365 2617 hujusmodi
385 2531 611 2612 ministerium,
632 2532 667 2595 in
690 2554 754 2616 quo
777 2533 819 2595 ad
838 2530 942 2617 majus
957 2530 1021 2596 Dei
1036 2530 1202 2596 servitium

181 2654 213 2706 et
225 2642 361 2728 gloriam
377 2657 454 2708 sunt
470 2643 648 2708 constituti.

128 2757 162 2816 20
181 2753 370 2840 Explicetur
399 2755 522 2839 aliquot
559 2754 673 2819 diebus
709 2754 744 2817 in
781 2755 916 2841 singulis
945 2752 1202 2818 hebdomadibus

181 2866 337 2930 Doctrina
353 2866 548 2946 Christiana,
564 2888 601 2930 ac
616 2866 732 2929 modus
751 2864 834 2930 bene
857 2878 889 2930 et
912 2880 986 2930 cum
1001 2867 1110 2930 fructu
1125 2886 1202 2928 con-

181 2977 303 3056 fitendi,
332 2977 602 3058 communicandi,
627 2977 759 3041 missam
788 2978 950 3057 audiendi,
970 2989 1003 3041 et
1028 2977 1063 3041 in
1089 2977 1201 3040 eadem

182 3088 395 3168 ministrandi,
421 3089 534 3157 orandi
559 3088 683 3167 itidem,
712 3089 900 3167 meditandi,
930 3099 962 3151 et
991 3086 1120 3171 legendi
1143 3109 1202 3172 pro

182 3207 278 3284 captu
299 3199 555 3285 uniuscujusque
584 3200 755 3279 tradatur3
782 3207 974 3282 cureturque
1004 3219 1071 3260 non
1097 3196 1202 3260 solum

181 3323 217 3374 ut
245 3311 415 3375 addiscant
440 3332 512 3394 quae
539 3309 748 3389 conveniunt,
778 3310 836 3374 sed
861 3309 957 3373 etiam
987 3319 1025 3371 ut
1050 3307 1203 3371 memoria

180 3430 321 3503 teneant,
347 3434 381 3487 et
398 3433 567 3486 exerceant
592 3444 665 3507 quae
691 3421 883 3485 didicerintz
910 3440 1085 3503 omnesque
1106 3441 1202 3483 suum

180 3543 308 3621 tempus
323 3533 421 3598 rebus
436 3533 658 3619 spiritualibus
672 3533 874 3619 impendant,
889 3545 922 3597 et
936 3529 1099 3597 devotioni
1114 3552 1204 3614 quae-

181 3647 288 3711 rendae
309 3668 370 3732 pro
392 3667 544 3709 mensura
565 3644 677 3730 gratia
703 3645 767 3708 Dei
789 3643 868 3730 ipsis
889 3642 1134 3708 communicatae
1153 3642 1203 3705 in-

182 3757 315 3836 sistant3
338 3758 382 3820 ad
395 3756 484 3841 quod
499 3756 642 3820 conferet
657 3755 765 3840 aliqua
773 3755 923 3820 exercitia
938 3751 1116 3838 spiritualia
1129 3753 1204 3833 illis,

181 3872 235 3956 qui
255 3871 403 3936 nondum
424 3892 458 3933 se
482 3881 694 3934 exercuerunt
718 3869 754 3933 in
780 3869 836 3948 eis,
855 3867 908 3933 vel
927 3864 1035 3931 omnia
1056 3869 1204 3946 tradere3

182 3994 275 4068 prout
289 3981 465 4066 unicuique
480 3980 650 4046 convenire
665 3980 699 4044 in
715 3979 857 4046 Domino
874 3975 1085 4063 judicabitur.
