2646 4732
178 329 220 387 48
558 338 883 384 cousrrrumonun

186 515 221 572 '8
246 507 286 571 In
315 506 503 571 universum
532 504 707 588 loquendo,
738 502 871 576 edoceri,
895 523 949 565 eos
980 501 1142 580 convenit,
1174 521 1269 585 quem

243 620 378 685 modum
398 631 506 682 tenere
527 628 674 703 oporteat
696 615 795 701 hujus
820 614 989 679 Societatis
1016 613 1270 699 operationsqui

243 730 276 794 in
303 742 370 794 tam
394 729 489 793 variis
513 728 629 792 mundi
654 727 853 813 regionibus,
880 748 1019 810 cumque
1043 738 1110 790 tam
1135 726 1269 791 diversis

243 842 414 908 homiuum
429 840 602 927 generibus
617 840 737 906 versari
753 840 884 918 debent,
900 838 1131 902 antevertendo
1146 838 1270 903 incom-

244 956 351 1034 moda,
376 976 448 1039 quac
472 965 612 1039 possunt
642 951 805 1030 accidere3
839 963 871 1014 et
901 953 1115 1029 emolumenta,
1140 972 1206 1032 quae
1231 953 1272 1015 od

243 1067 345 1148 majus
359 1067 422 1129 Dei
436 1066 600 1129 servitium
616 1064 795 1156 conferant,
818 1065 984 1144 captando,
1007 1063 1147 1126 omnibus
1169 1065 1270 1127 ratio-

243 1179 334 1243 nibus
356 1179 517 1259 adhibitis,
540 1197 606 1258 quea
624 1182 760 1258 possunt
783 1175 936 1239 adhiberi.
982 1175 1027 1238 Et
1050 1173 1189 1259 quanvis
1209 1175 1270 1238 hoc

245 1291 314 1355 sola
334 1292 440 1355 unctio
463 1290 566 1354 sancti
592 1289 744 1370 Spiritus,
759 1294 790 1351 et
813 1308 850 1350 eo
870 1288 1054 1368 prudentio,
1076 1307 1170 1368 quam
1190 1308 1271 1350 com-

244 1405 403 1467 municare
417 1404 497 1466 colet
512 1402 667 1464 Dominus
681 1398 756 1479 illis,
772 1398 829 1483 qui
848 1398 882 1462 in
898 1398 1008 1463 divina
1022 1420 1082 1462 sua
1096 1397 1270 1483 Majestate

245 1515 426 1593 confidunt,
442 1514 556 1577 docere
571 1511 694 1597 possit3
716 1513 769 1575 vio
792 1514 875 1575 certo
897 1513 1002 1593 aliquo
1024 1513 1113 1574 modo
1137 1510 1271 1595 quibus-

245 1628 320 1690 dam
347 1625 562 1704 documentis,
593 1646 666 1709 quae
693 1622 821 1708 juvent,
847 1635 879 1687 et
910 1623 951 1688 ad
976 1624 1127 1688 effectum
1154 1623 1270 1688 divinae

245 1738 357 1824 gratiae
373 1737 559 1823 disponant,
575 1737 696 1818 aperiri
713 1741 832 1818 potest.

218 2044 265 2088 DE
284 2041 542 2088 scHOLAsrchS
560 2043 584 2085 A
602 2042 734 2086 strumo
752 2010 997 2086 LITTERARUM
1015 2041 1238 2086 EDUGENDIS.

205 2282 219 2337 l
246 2274 302 2337 Ex
323 2271 476 2358 Collegiis
499 2272 649 2351 nonnulli
666 2284 800 2358 propter
825 2294 937 2336 causas
957 2272 991 2334 in
1013 2271 1156 2335 secunda
1177 2271 1269 2335 Parte

247 2387 360 2466 dictas,
379 2397 412 2449 et
435 2385 533 2449 modo
559 2384 640 2448 inibi
666 2384 825 2470 explicato
846 2386 1049 2469 educuntur3
1072 2396 1110 2449 ut
1130 2384 1195 2464 alii,
1215 2383 1269 2469 qui

247 2499 289 2563 ad
319 2487 466 2562 divinum
504 2496 670 2562 servitium
700 2497 803 2583 magis
833 2497 1015 2584 proficiant,
1045 2497 1167 2562 eisdem
1199 2520 1269 2562 suc-

248 2610 375 2674 cedant.
420 2608 544 2673 Eadem
569 2608 728 2694 siquidem
753 2609 787 2672 in
816 2610 878 2673 hac
907 2620 1000 2695 parte
1031 2611 1213 2691 domorum,
1239 2623 1269 2674 et

247 2719 467 2805 collegiorum
483 2731 532 2784 est
547 2720 639 2785 ratio.

204 2842 223 2898 2
246 2833 357 2917 Aliqui
372 2832 470 2897 etiam
479 2833 652 2919 aliquando
667 2835 856 2916 educentur,
866 2835 955 2921 quod
969 2835 1048 2921 ipsis
1064 2836 1106 2899 ad
1116 2834 1270 2920 majorem

247 2946 281 3011 in
306 2945 422 3032 spiritu
447 2946 498 3010 vel
521 2945 556 3010 in
580 2946 696 3011 litteris
720 2948 902 3033 profectum
932 2947 994 3011 alio
1021 2947 1197 3027 transferri,
1221 2947 1272 3012 vel

247 3058 335 3143 quod
365 3057 407 3121 ad
435 3057 615 3122 universale
644 3058 769 3123 bonum
800 3059 969 3124 Societatis
1007 3059 1197 3139 conveniat3
1235 3069 1272 3124 ut

247 3168 415 3250 accideret,
433 3169 471 3250 si,
491 3169 547 3254 qui
567 3169 696 3234 Artium
720 3171 924 3246 curriculum·
941 3171 975 3234 in
997 3171 1103 3255 aliquo
1125 3170 1272 3256 Collegio

247 3304 398 3346 emensus
407 3293 503 3361 esset,
515 3293 553 3346 ut
564 3283 692 3346 easdem
704 3282 781 3346 alibi
795 3284 984 3369 praelegeret
999 3294 1073 3347 ante
1085 3283 1272 3368 Theologiae

248 3393 393 3458 studium
409 3394 608 3458 educeretur.
653 3394 698 3458 Et
713 3394 799 3458 idem
822 3395 946 3460 dictum
969 3394 1021 3476 sit,
1044 3395 1072 3459 si
1094 3415 1158 3480 qua
1179 3393 1216 3458 in
1239 3418 1273 3460 re

248 3506 310 3570 alia
328 3507 371 3571 ad
395 3506 500 3591 majus
528 3506 591 3570 Dei
617 3506 809 3592 obsequium
836 3520 868 3573 ct
892 3509 1027 3594 gloriam
1046 3519 1155 3572 essent
1175 3530 1273 3573 occu·

247 3617 357 3703 pandi.

205 3737 224 3794 3
247 3727 442 3818 ¹Communis
458 3740 566 3792 autem
586 3730 703 3794 modus
726 3731 885 3795 educendi
901 3710 1117 3796 Scholasticos
1140 3754 1181 3796 ex
1197 3731 1274 3797 Col-

248 3839 332 3925 legio
359 3840 476 3924 aliquo,
499 3840 557 3905 ubi
583 3864 694 3906 omnes
720 3842 884 3928 praedictae
911 3843 1062 3908 Scientiae
1088 3844 1274 3925 traduntur,

249 3967 328 4020 tunc
344 3956 423 4036 erit3
446 3957 520 4021 eiam
539 3957 675 4043 quisque
697 3958 804 4022 studia
827 3980 885 4022 sua
901 3957 971 4043 jam
993 3958 1178 4039 absolverit,
1200 3982 1275 4045 per-

249 4078 320 4134 acto
331 4067 461 4135 Artium
476 4070 647 4152 curriculo,
658 4080 691 4135 et
707 4081 845 4156 quatuor
859 4048 953 4136 annis
962 4071 1147 4157 Theologiae
1164 4072 1275 4156 studio
