2646 4732
548 359 640 402 rans
665 359 793 403 snxrs.
1152 340 1191 416 75

171 533 287 610 potest,
302 526 506 611 compensari
520 523 689 604 videatur;
711 537 750 589 ut
765 524 811 588 sio
826 522 939 610 majori
955 543 1031 588 oum
1045 522 1193 589 libertate

170 637 273 724 possit
287 649 321 701 et
334 637 557 723 proximorum
572 636 786 702 aedificatione
800 637 835 700 in
851 635 960 701 divino
976 635 1105 702 servitio
1118 657 1195 722 pro-

169 749 292 813 cedere.

134 861 219 926 8Ut
246 860 354 925 omnis
384 859 526 925 avaritiae
556 859 680 945 species
710 859 858 938 evitetur,
887 859 1050 945 praecipue
1073 859 1108 924 in
1132 858 1195 945 piis

168 971 366 1051 ministeriis,
380 971 500 1056 quibus
522 971 564 1036 ad
586 971 767 1036 animarum
789 970 945 1035 auxilium
967 970 1111 1037 Societas
1130 970 1195 1035 uti-

170 1094 243 1162 tur;
266 1082 358 1147 nulla
373 1082 416 1146 sit
435 1083 470 1147 in
492 1082 628 1148 ecclesia
644 1104 728 1162 arca,
745 1082 780 1146 in
803 1104 902 1167 quam
921 1083 1133 1168 eleemosynae
1152 1081 1194 1145 ab

168 1193 218 1274 iis,
232 1194 291 1279 qui
305 1194 349 1257 ad
362 1193 546 1273 conciones,
560 1193 687 1274 missas,
701 1194 754 1257 vel
774 1193 1004 1274 confessiones,
1018 1201 1052 1258 et
1072 1193 1195 1278 reliqua

170 1305 349 1392 spiritualia
363 1306 405 1371 ad
419 1327 491 1370 eam
505 1306 715 1386 conveniunt,
729 1305 846 1391 conjici
861 1305 976 1371 solent.

135 1417 295 1482 9Iladom
322 1417 363 1482 de
387 1438 485 1482 causa
506 1418 712 1498 munuscula,
736 1439 809 1502 quae
836 1417 1050 1503 Magnetibus
1073 1419 1118 1482 ad
1143 1437 1196 1482 res

170 1530 303 1611 majores
317 1529 358 1593 ab
371 1531 452 1611 arsis
470 1530 652 1594 obtimam
674 1529 782 1594 offerri
804 1528 920 1609 solent,
935 1551 976 1594 ne
999 1529 1193 1608 offerantur3

172 1662 228 1705 nec
242 1640 434 1726 hujusmodi
446 1644 622 1724 primarios
635 1644 721 1709 viros
733 1642 924 1724 frequenter
944 1644 1079 1707 iacuere
1093 1640 1195 1706 nostri
1238 1686 1239 1689 ,

171 1763 395 1831 consuescant,
418 1752 482 1817 uisi
511 1759 624 1817 sancto
650 1752 758 1818 studio
783 1753 911 1839 piorum
936 1775 1072 1839 operum
1097 1753 1196 1817 duce·

171 1873 291 1942 rentur,
305 1863 359 1927 vel
378 1864 509 1948 qnando
532 1863 648 1929 intima
668 1864 893 1929 benevolentia
913 1864 948 1927 in
968 1863 1112 1929 Domino
1127 1875 1195 1928 tam

171 1987 276 2040 essent
290 1974 446 2062 conjucti,
461 1988 499 2041 ut
513 1977 702 2064 hujusmodi
724 1977 866 2041 officium
888 1977 1062 2063 aliquando
1076 1978 1123 2042 eis
1138 1978 1194 2042 de-

172 2086 236 2152 beri
249 2087 425 2153 videretur.
461 2107 463 2112 ·

127 2202 157 2261 10
174 2198 277 2263 Parati
292 2198 361 2263 sint
375 2198 417 2263 ad
431 2198 684 2263 mendicandum
699 2199 853 2279 ostiatim,
868 2199 999 2284 quando
1019 2200 1071 2264 vel
1083 2198 1196 2263 obedi-

174 2309 267 2390 entia,
283 2310 336 2374 rel
357 2309 538 2396 indigentia
560 2310 595 2375 id
617 2311 734 2395 exiget.
779 2311 825 2374 Et
847 2309 889 2374 sit
907 2331 1006 2390 unus,
1020 2308 1072 2374 vel
1086 2310 1195 2396 plures

175 2421 212 2484 sd
234 2421 457 2507 eleemosynas
482 2421 653 2507 petendas,
674 2421 794 2506 quibus
820 2422 937 2486 domus
961 2432 1196 2504 sustententur,

173 2533 342 2613 destinati;
364 2545 397 2598 et
412 2556 466 2599 eas
481 2512 556 2598 cum
572 2545 684 2598 sancta
698 2532 902 2620 simplicitate
911 2545 1045 2620 propter
1055 2556 1196 2600 amorem

174 2645 234 2709 Dei
246 2645 295 2710 illi
309 2656 434 2732 petant.

129 2757 156 2817 ll
176 2755 221 2821 Ut
233 2757 317 2821 nihil
330 2757 499 2843 proprium
521 2759 610 2823 domi
632 2758 744 2838 teneri,
759 2758 806 2822 ita
827 2781 887 2823 nec
908 2759 986 2823 foris
1008 2761 1097 2846 apud
1117 2753 1197 2825 alios

175 2879 290 2952 potest.
334 2869 381 2933 Et
403 2869 541 2954 quisque
563 2869 614 2949 iis,
636 2893 710 2954 quae
728 2871 769 2934 de
795 2871 961 2937 communi
978 2871 1055 2936 data
1075 2872 1196 2937 fuerint

176 2981 213 3044 sd
226 3003 326 3046 usum
340 3004 437 3047 suum
451 2983 669 3047 necessarium
689 2994 745 3048 aut
767 2985 1024 3063 convenientem,
1045 2981 1196 3051 resecatis

177 3093 356 3178 superfluis,
371 3094 414 3158 sit
429 3107 613 3160 contentus.

130 3206 159 3264 12
177 3203 249 3271 Quo
278 3205 396 3270 melius
427 3206 631 3293 Paupertatis
660 3207 794 3293 puritas,
831 3207 871 3271 et'
894 3207 986 3292 quies
1014 3207 1069 3272 illa
1098 3231 1195 3293 quam

177 3338 283 3382 secum
306 3318 409 3398 offen,
424 3330 632 3384 conservetur
642 3344 652 3398 3
675 3341 742 3383 non
765 3319 871 3383 solum
892 3319 1102 3405 particulares
1118 3320 1195 3386 Pro-

176 3427 259 3508 fessi,
281 3429 333 3493 vel
354 3428 567 3516 Cosdjutores
592 3429 722 3494 formati
746 3430 957 3495 haereditariae
984 3432 1197 3498 successionis

176 3552 267 3605 erunt
289 3549 459 3628 expertes3
488 3564 601 3607 verum
623 3565 684 3607 nec
706 3542 845 3622 Domus,
868 3564 928 3608 nee
950 3543 1116 3623 Ecclesiae,
1135 3567 1195 3609 nec

178 3651 318 3740 collegia
342 3676 454 3720 eorum
480 3655 603 3721 ratione
627 3655 812 3720 succedent.
858 3655 911 3720 Sic
936 3654 1023 3720 enim
1044 3655 1196 3725 omnibus

176 3762 283 3829 litibus
305 3777 339 3831 et
361 3767 586 3831 controversiis
609 3766 764 3860 praecisis,
785 3766 923 3831 charitas
946 3788 1021 3830 cum
1043 3768 1196 3834 omnibus

177 3877 215 3940 sd
228 3878 291 3943 Dei
306 3879 442 3965 gloriam
456 3879 572 3944 melius
587 3858 840 3944 conservabitur.

131 3985 160 4047 13
179 3986 314 4055 Quando
336 4013 484 4055 summus
500 3991 661 4071 Pontifex,
675 3991 727 4056 vel
742 3988 896 4076 Superior
915 3989 1104 4076 hujusmodi
1121 3993 1199 4058 Pro-

180 4099 286 4182 lessos,
297 4103 349 4168 vel
365 4102 577 4189 Coadjutores
593 4103 860 4168 adlaborandum
876 4102 910 4167 in
925 4102 1052 4169 vineam
1063 4104 1196 4170 Domini
