2646 4732
460 345 767 400 succurrousuuss.
1048 328 1119 399 171

281 788 285 792 -
342 766 619 835 corruamus
636 739 676 833 l
699 767 893 835 muron.

81 922 92 992 Ε
149 918 531 989 ConmmtariciaDam'clem
541 920 727 1000 Prophetam.
764 917 890 990 Parisiis,
907 922 995 977 1622.
1036 915 1125 996 (Ant-

363 1020 483 1098 verpioe,
498 1022 586 1078 1625.
628 1018 686 1079 Ed.
698 1015 878 1095 Coll.Sion.)

81 1142 91 1212 l
176 1181 215 1255 ln
236 1182 313 1255 lraec
336 1181 444 1256 verba
470 1165 642 1254 Susanna
666 1180 780 1279 (apud
804 1178 993 1253 Danielem
1009 1179 1123 1254 cxiii.

138 1307 244 1400 aaa.)
306 1304 350 1378 Si
380 1304 471 1378 enim
503 1304 569 1378 boc
601 1329 722 1402 egero,
754 1327 850 1375 mora
882 1301 967 1375 milri
1000 1311 1055 1374 est

81 1414 88 1461 ²
138 1427 167 1502 lu
193 1429 260 1503 lrac
292 1429 329 1502 vi
356 1439 394 1502 et
424 1437 525 1502 metu
557 1427 710 1501 infamiae
743 1427 950 1525 mortisque,
982 1437 1125 1524 poterat

137 1549 285 1625 Susanna
310 1550 444 1625 dicere:
472 1552 557 1624 Non
576 1549 754 1625 consentio
779 1549 888 1636 actui,
913 1549 1129 1647 scalpellus·

134 1686 159 1748 ct
172 1674 309 1763 tacebo,
329 1700 375 1748 nc
390 1699 444 1748 mc
460 1674 643 1774 icffanoetis
664 1685 700 1749 et
716 1675 881 1776 redigatis
899 1674 953 1748 od
971 1684 1127 1761 mortem,

134 1799 176 1872 uti
207 1799 337 1885 dicam,
365 1823 396 1872 o.
412 1803 471 1872 23.
525 1799 742 1897 Quanquam
772 1798 867 1873 forte
893 1798 1061 1872 ‘Susanna
1088 1797 1127 1870 id

132 1925 177 1996 uel
209 1949 283 1997 nou
321 1922 464 2010 sciebat,
500 1924 557 1995 vel
590 1950 662 1996 non
696 1922 889 2023 cogitabat.
941 1921 999 1994 sie
1032 1922 1128 1995 enim

133 2047 279 2123 honestae
308 2060 485 2148 castaeque
514 2049 668 2148 virgines
701 2061 835 2148 putant
868 2074 904 2121 se
934 2074 1009 2122 esse
1038 2073 1129 2133 reas,

132 2197 229 2270 seque
253 2173 468 2246 consensisse
483 2173 682 2260 lenonibus,
703 2174 731 2246 si
748 2199 820 2247 non
837 2174 1002 2259 clamore,
1018 2171 1130 2245 mani-

132 2294 189 2368 bus
205 2295 364 2394 totisque
380 2295 512 2371 viribus
529 2295 579 2368 eis
597 2295 819 2370 reluctentur
836 2307 880 2369 et
890 2274 1078 2369 resistant.
1095 2350 1128 2367 ..

81 2488 83 2497 .
132 2417 194 2512 (In
209 2417 411 2507 Danbkm,
435 2445 467 2493 c.
484 2423 541 2491 13.
566 2445 598 2494 o.
610 2421 690 2516 22.)

165 2541 545 2616 ‘Peccasset'Susanna
560 2541 813 2616 consentiendo
836 2553 874 2615 et
896 2542 1131 2640 cooperando,

131 2673 215 2759 puta
232 2650 491 2738 comrruiscendo
508 2689 545 2738 se
570 2660 725 2752 senibus,
749 2665 846 2765 quod
863 2660 931 2762 ipsi
947 2665 1132 2764 petebant,

131 2809 157 2859 a.
175 2791 236 2859 20.
289 2786 469 2861 Potuisset
484 2797 606 2860 tamen
626 2787 663 2861 in
686 2798 788 2862 tanto
804 2789 964 2887 periculo
979 2787 1133 2861 infamioe

131 2919 164 2980 et
193 2907 319 2982 mortis
346 2908 514 3008 negative
542 2935 578 2982 se
605 2909 748 2997 habere,
781 2934 822 2983 ac
854 2908 1062 3007 permittere
1096 2909 1134 2980 in

130 3055 165 3102 se
193 3056 320 3105 eorum
347 3032 544 3120 libidinem,
573 3033 682 3108 modd
709 3032 852 3105 interno
882 3044 965 3106 actu
991 3034 1028 3105 in
1055 3057 1135 3105 eam

131 3178 201 3227 uon
227 3154 472 3243 consensisset,
498 3157 562 3231 sed
590 3182 670 3230 eam
699 3157 879 3230 detestata
907 3167 945 3229 et
973 3165 1139 3229 execrata

128 3275 267 3364 fuisset,
285 3277 370 3376 quia
390 3281 506 3377 majus
528 3280 663 3353 bonum
679 3291 734 3353 est
751 3279 847 3353 fama
863 3288 901 3351 et
915 3277 1001 3364 vita,
1027 3275 1137 3375 qudm

129 3399 319 3497 pudicitia:
362 3401 458 3476 unde
492 3400 584 3475 hanc
621 3427 688 3500 pro
725 3402 789 3477 illa
825 3425 1003 3499 exponere
1040 3399 1137 3472 licet.

132 3519 262 3620 ltaque
295 3548 367 3595 non
406 3525 597 3597 tenebatur
636 3524 714 3622 ipsa
756 3525 964 3598 exclamare.
1029 3521 1138 3604 Quod

132 3668 219 3743 ergo
245 3645 463 3734 exclamarit,
489 3648 658 3747 nulloque
684 3648 790 3721 modo
812 3645 995 3720 libidinem
1015 3669 1139 3717 eorum

132 3765 169 3839 in
197 3792 234 3842 se
263 3763 475 3869 permiserit,
508 3783 609 3845 actus
637 3770 708 3844 fuit
742 3771 892 3870 insignis
924 3782 962 3843 et
988 3766 1140 3842 heroicae

137 3892 483 3990 castitatis-(luia.
509 3920 540 3969 c.
559 3899 615 3970 13.
641 3919 673 3968 v.
689 3896 767 3991 23.)
