<?xml version="1.0" encoding="UTF-8"?>
<!DOCTYPE html PUBLIC "-//W3C//DTD XHTML 1.0 Transitional//EN"
    "http://www.w3.org/TR/xhtml1/DTD/xhtml1-transitional.dtd">
<html xmlns="http://www.w3.org/1999/xhtml" xml:lang="en" lang="en">
 <head>
  <title>
</title>
<meta http-equiv="Content-Type" content="text/html;charset=utf-8" />
  <meta name='ocr-system' content='tesseract 3.04.00' />
  <meta name='ocr-capabilities' content='ocr_page ocr_carea ocr_par ocr_line ocrx_word'/>
</head>
<body>
  <div class='ocr_page' id='page_1' title='image "./constitutioness00unkngoog_0069.png"; bbox 0 0 2646 4732; ppageno 0'>
   <div class='ocr_carea' id='block_1_1' title="bbox 182 341 884 398">
    <p class='ocr_par' dir='ltr' id='par_1_1' title="bbox 182 341 884 398">
     <span class='ocr_line' id='line_1_1' title="bbox 182 341 884 398; baseline -0.007 -2"><span class='ocrx_word' id='word_1_1' title='bbox 182 341 223 398; x_wconf 84' lang='lat'>56</span> <span class='ocrx_word' id='word_1_2' title='bbox 560 349 884 393; x_wconf 81' lang='lat' dir='ltr'>consrrrurronuu</span> 
     </span>
    </p>
   </div>
   <div class='ocr_carea' id='block_1_2' title="bbox 204 513 1316 2954">
    <p class='ocr_par' dir='ltr' id='par_1_2' title="bbox 249 513 1275 715">
     <span class='ocr_line' id='line_1_2' title="bbox 251 513 1275 602; baseline -0.004 -20"><span class='ocrx_word' id='word_1_3' title='bbox 251 519 387 597; x_wconf 90' lang='lat' dir='ltr'>sidente,</span> <span class='ocrx_word' id='word_1_4' title='bbox 403 517 459 602; x_wconf 93' lang='lat' dir='ltr'>qui</span> <span class='ocrx_word' id='word_1_5' title='bbox 475 516 717 581; x_wconf 83' lang='lat' dir='ltr'>contentionem</span> <span class='ocrx_word' id='word_1_6' title='bbox 733 515 873 594; x_wconf 80' lang='lat' dir='ltr'><strong>dirimat,</strong></span> <span class='ocrx_word' id='word_1_7' title='bbox 889 526 922 579; x_wconf 88' lang='lat' dir='ltr'>et</span> <span class='ocrx_word' id='word_1_8' title='bbox 937 514 1016 599; x_wconf 93' lang='lat' dir='ltr'>quid</span> <span class='ocrx_word' id='word_1_9' title='bbox 1031 513 1187 580; x_wconf 89' lang='lat' dir='ltr'>doctrinae</span> <span class='ocrx_word' id='word_1_10' title='bbox 1202 514 1275 580; x_wconf 91' lang='lat' dir='ltr'>elici</span> 
     </span>
     <span class='ocr_line' id='line_1_3' title="bbox 249 627 814 715; baseline -0.004 -21"><span class='ocrx_word' id='word_1_11' title='bbox 249 639 395 715; x_wconf 85' lang='lat' dir='ltr'>oporteat</span> <span class='ocrx_word' id='word_1_12' title='bbox 411 651 450 694; x_wconf 82' lang='lat' dir='ltr'>ex</span> <span class='ocrx_word' id='word_1_13' title='bbox 465 627 649 714; x_wconf 88' lang='lat' dir='ltr'>disputatis,</span> <span class='ocrx_word' id='word_1_14' title='bbox 665 627 814 692; x_wconf 83' lang='lat' dir='ltr'>declaret.</span> 
     </span>
    </p>

    <p class='ocr_par' dir='ltr' id='par_1_3' title="bbox 204 738 1278 1273">
     <span class='ocr_line' id='line_1_4' title="bbox 204 738 1276 825; baseline -0.001 -20"><span class='ocrx_word' id='word_1_15' title='bbox 204 750 224 805; x_wconf 83' lang='lat'>4</span> <span class='ocrx_word' id='word_1_16' title='bbox 248 741 321 805; x_wconf 86' lang='lat' dir='ltr'>Erit</span> <span class='ocrx_word' id='word_1_17' title='bbox 336 740 449 805; x_wconf 91' lang='lat' dir='ltr'>itidem</span> <span class='ocrx_word' id='word_1_18' title='bbox 461 739 619 819; x_wconf 90' lang='lat' dir='ltr'>Rectoris,</span> <span class='ocrx_word' id='word_1_19' title='bbox 628 761 687 825; x_wconf 92' lang='lat' dir='ltr'>per</span> <span class='ocrx_word' id='word_1_20' title='bbox 702 760 747 820; x_wconf 88' lang='lat' dir='ltr'>se,</span> <span class='ocrx_word' id='word_1_21' title='bbox 762 739 813 803; x_wconf 93' lang='lat' dir='ltr'>vel</span> <span class='ocrx_word' id='word_1_22' title='bbox 827 760 886 824; x_wconf 89' lang='lat' dir='ltr'>per</span> <span class='ocrx_word' id='word_1_23' title='bbox 898 738 1135 803; x_wconf 90' lang='lat' dir='ltr'>Cancellarium</span> <span class='ocrx_word' id='word_1_24' title='bbox 1147 761 1276 825; x_wconf 84' lang='lat' dir='ltr'>semper</span> 
     </span>
     <span class='ocr_line' id='line_1_5' title="bbox 249 849 1275 935; baseline -0.001 -19"><span class='ocrx_word' id='word_1_25' title='bbox 249 853 416 916; x_wconf 85' lang='lat' dir='ltr'>observare</span> <span class='ocrx_word' id='word_1_26' title='bbox 429 877 438 931; x_wconf 85' lang='lat'>3</span> <span class='ocrx_word' id='word_1_27' title='bbox 460 863 498 915; x_wconf 93' lang='lat' dir='ltr'>ut</span> <span class='ocrx_word' id='word_1_28' title='bbox 513 851 570 935; x_wconf 92' lang='lat' dir='ltr'>qui</span> <span class='ocrx_word' id='word_1_29' title='bbox 585 851 660 915; x_wconf 92' lang='lat' dir='ltr'>novi</span> <span class='ocrx_word' id='word_1_30' title='bbox 676 851 845 933; x_wconf 86' lang='lat' dir='ltr'>accedunt,</span> <span class='ocrx_word' id='word_1_31' title='bbox 860 849 1105 929; x_wconf 84' lang='lat' dir='ltr'>examinentur3</span> <span class='ocrx_word' id='word_1_32' title='bbox 1127 861 1161 914; x_wconf 90' lang='lat' dir='ltr'>ct</span> <span class='ocrx_word' id='word_1_33' title='bbox 1181 849 1218 914; x_wconf 92' lang='lat' dir='ltr'>in</span> <span class='ocrx_word' id='word_1_34' title='bbox 1236 851 1275 915; x_wconf 90' lang='lat' dir='ltr'>iis</span> 
     </span>
     <span class='ocr_line' id='line_1_6' title="bbox 253 962 1277 1048; baseline -0.002 -20"><span class='ocrx_word' id='word_1_35' title='bbox 253 964 430 1043; x_wconf 89' lang='lat' dir='ltr'>Classibus,</span> <span class='ocrx_word' id='word_1_36' title='bbox 460 985 599 1047; x_wconf 90' lang='lat' dir='ltr'>cumque</span> <span class='ocrx_word' id='word_1_37' title='bbox 633 963 672 1025; x_wconf 89' lang='lat' dir='ltr'>iis</span> <span class='ocrx_word' id='word_1_38' title='bbox 703 962 971 1046; x_wconf 89' lang='lat' dir='ltr'>Praeceptoribus,</span> <span class='ocrx_word' id='word_1_39' title='bbox 1002 962 1058 1047; x_wconf 91' lang='lat' dir='ltr'>qui</span> <span class='ocrx_word' id='word_1_40' title='bbox 1087 962 1167 1048; x_wconf 88' lang='lat' dir='ltr'>ipsis</span> <span class='ocrx_word' id='word_1_41' title='bbox 1198 985 1277 1026; x_wconf 92' lang='lat' dir='ltr'>con-</span> 
     </span>
     <span class='ocr_line' id='line_1_7' title="bbox 251 1073 1277 1159; baseline -0.003 -17"><span class='ocrx_word' id='word_1_42' title='bbox 251 1076 397 1154; x_wconf 90' lang='lat' dir='ltr'>veniunt,</span> <span class='ocrx_word' id='word_1_43' title='bbox 424 1075 646 1154; x_wconf 84' lang='lat' dir='ltr'>collocentur3</span> <span class='ocrx_word' id='word_1_44' title='bbox 679 1085 712 1138; x_wconf 89' lang='lat' dir='ltr'>et</span> <span class='ocrx_word' id='word_1_45' title='bbox 737 1073 808 1159; x_wconf 90' lang='lat' dir='ltr'>ejus</span> <span class='ocrx_word' id='word_1_46' title='bbox 834 1073 1019 1138; x_wconf 89' lang='lat' dir='ltr'>discretioni</span> <span class='ocrx_word' id='word_1_47' title='bbox 1051 1074 1174 1157; x_wconf 88' lang='lat' dir='ltr'>(audita</span> <span class='ocrx_word' id='word_1_48' title='bbox 1204 1097 1277 1140; x_wconf 91' lang='lat' dir='ltr'>sen-</span> 
     </span>
     <span class='ocr_line' id='line_1_8' title="bbox 252 1164 1278 1273; baseline -0.002 -21"><span class='ocrx_word' id='word_1_49' title='bbox 252 1189 355 1252; x_wconf 92' lang='lat' dir='ltr'>tentia</span> <span class='ocrx_word' id='word_1_50' title='bbox 369 1210 491 1268; x_wconf 90' lang='lat' dir='ltr'>eorum,</span> <span class='ocrx_word' id='word_1_51' title='bbox 508 1187 564 1272; x_wconf 92' lang='lat' dir='ltr'>qui</span> <span class='ocrx_word' id='word_1_52' title='bbox 579 1186 621 1251; x_wconf 91' lang='lat' dir='ltr'>ad</span> <span class='ocrx_word' id='word_1_53' title='bbox 635 1186 670 1249; x_wconf 92' lang='lat' dir='ltr'>id</span> <span class='ocrx_word' id='word_1_54' title='bbox 685 1164 806 1250; x_wconf 87' lang='lat' dir='ltr'>munus</span> <span class='ocrx_word' id='word_1_55' title='bbox 827 1186 988 1271; x_wconf 89' lang='lat' dir='ltr'>designati</span> <span class='ocrx_word' id='word_1_56' title='bbox 1010 1187 1097 1270; x_wconf 86' lang='lat' dir='ltr'>sunt)</span> <span class='ocrx_word' id='word_1_57' title='bbox 1115 1187 1278 1273; x_wconf 91' lang='lat' dir='ltr'>relinque-</span> 
     </span>
    </p>

    <p class='ocr_par' dir='ltr' id='par_1_4' title="bbox 205 1297 1281 2506">
     <span class='ocr_line' id='line_1_9' title="bbox 205 1297 1278 1379; baseline -0.001 -15"><span class='ocrx_word' id='word_1_58' title='bbox 205 1324 214 1334; x_wconf 77' lang='grc'><strong><em>’</em></strong></span> <span class='ocrx_word' id='word_1_59' title='bbox 254 1311 318 1379; x_wconf 90' lang='lat' dir='ltr'>tur,</span> <span class='ocrx_word' id='word_1_60' title='bbox 341 1322 421 1363; x_wconf 92' lang='lat' dir='ltr'>num</span> <span class='ocrx_word' id='word_1_61' title='bbox 444 1299 566 1362; x_wconf 89' lang='lat' dir='ltr'>diutius</span> <span class='ocrx_word' id='word_1_62' title='bbox 588 1298 622 1360; x_wconf 92' lang='lat' dir='ltr'>in</span> <span class='ocrx_word' id='word_1_63' title='bbox 646 1299 758 1362; x_wconf 90' lang='lat' dir='ltr'>eadem</span> <span class='ocrx_word' id='word_1_64' title='bbox 781 1297 882 1361; x_wconf 90' lang='lat' dir='ltr'>classe</span> <span class='ocrx_word' id='word_1_65' title='bbox 904 1319 1045 1377; x_wconf 90' lang='lat' dir='ltr'>manere,</span> <span class='ocrx_word' id='word_1_66' title='bbox 1060 1320 1102 1360; x_wconf 90' lang='lat' dir='ltr'>an</span> <span class='ocrx_word' id='word_1_67' title='bbox 1125 1298 1167 1361; x_wconf 89' lang='lat' dir='ltr'>ad</span> <span class='ocrx_word' id='word_1_68' title='bbox 1182 1298 1278 1363; x_wconf 89' lang='lat' dir='ltr'>aliam</span> 
     </span>
     <span class='ocr_line' id='line_1_10' title="bbox 254 1409 1278 1496; baseline 0 -21"><span class='ocrx_word' id='word_1_69' title='bbox 254 1412 388 1475; x_wconf 91' lang='lat' dir='ltr'>ulterius</span> <span class='ocrx_word' id='word_1_70' title='bbox 414 1411 566 1496; x_wconf 80' lang='lat' dir='ltr'>progredi</span> <span class='ocrx_word' id='word_1_71' title='bbox 590 1410 739 1475; x_wconf 89' lang='lat' dir='ltr'>debeant.</span> <span class='ocrx_word' id='word_1_72' title='bbox 785 1409 943 1494; x_wconf 85' lang='lat' dir='ltr'>Ejusdem</span> <span class='ocrx_word' id='word_1_73' title='bbox 968 1410 1028 1474; x_wconf 90' lang='lat' dir='ltr'>erit</span> <span class='ocrx_word' id='word_1_74' title='bbox 1053 1409 1217 1495; x_wconf 90' lang='lat' dir='ltr'>judicium</span> <span class='ocrx_word' id='word_1_75' title='bbox 1238 1411 1278 1475; x_wconf 92' lang='lat' dir='ltr'>de</span> 
     </span>
     <span class='ocr_line' id='line_1_11' title="bbox 255 1521 1280 1608; baseline 0 -22"><span class='ocrx_word' id='word_1_76' title='bbox 255 1523 363 1587; x_wconf 91' lang='lat' dir='ltr'>studio</span> <span class='ocrx_word' id='word_1_77' title='bbox 398 1522 594 1608; x_wconf 90' lang='lat' dir='ltr'>linguarum,</span> <span class='ocrx_word' id='word_1_78' title='bbox 630 1532 748 1607; x_wconf 88' lang='lat' dir='ltr'>praeter</span> <span class='ocrx_word' id='word_1_79' title='bbox 777 1521 939 1602; x_wconf 84' lang='lat' dir='ltr'>Latinam,</span> <span class='ocrx_word' id='word_1_80' title='bbox 969 1544 1050 1585; x_wconf 92' lang='lat' dir='ltr'>num</span> <span class='ocrx_word' id='word_1_81' title='bbox 1079 1521 1217 1586; x_wconf 81' lang='lat' dir='ltr'>Artibus</span> <span class='ocrx_word' id='word_1_82' title='bbox 1246 1533 1280 1586; x_wconf 91' lang='lat' dir='ltr'>et</span> 
     </span>
     <span class='ocr_line' id='line_1_12' title="bbox 254 1633 1279 1719; baseline 0.002 -23"><span class='ocrx_word' id='word_1_83' title='bbox 254 1634 439 1718; x_wconf 80' lang='lat' dir='ltr'>Theologiae</span> <span class='ocrx_word' id='word_1_84' title='bbox 465 1633 629 1719; x_wconf 86' lang='lat' dir='ltr'>anteponi,</span> <span class='ocrx_word' id='word_1_85' title='bbox 656 1655 697 1697; x_wconf 91' lang='lat' dir='ltr'>an</span> <span class='ocrx_word' id='word_1_86' title='bbox 722 1633 888 1719; x_wconf 89' lang='lat' dir='ltr'>postponi,</span> <span class='ocrx_word' id='word_1_87' title='bbox 914 1645 946 1698; x_wconf 92' lang='lat' dir='ltr'>et</span> <span class='ocrx_word' id='word_1_88' title='bbox 970 1633 1067 1718; x_wconf 75' lang='lat' dir='ltr'>quam</span> <span class='ocrx_word' id='word_1_89' title='bbox 1093 1633 1150 1697; x_wconf 94' lang='lat' dir='ltr'>diu</span> <span class='ocrx_word' id='word_1_90' title='bbox 1175 1633 1211 1696; x_wconf 92' lang='lat' dir='ltr'>in</span> <span class='ocrx_word' id='word_1_91' title='bbox 1233 1634 1279 1698; x_wconf 90' lang='lat' dir='ltr'>eis</span> 
     </span>
     <span class='ocr_line' id='line_1_13' title="bbox 256 1745 1280 1832; baseline 0.001 -24"><span class='ocrx_word' id='word_1_92' title='bbox 256 1769 417 1830; x_wconf 90' lang='lat' dir='ltr'>quemque</span> <span class='ocrx_word' id='word_1_93' title='bbox 439 1747 559 1810; x_wconf 87' lang='lat' dir='ltr'>haerere</span> <span class='ocrx_word' id='word_1_94' title='bbox 589 1754 746 1832; x_wconf 80' lang='lat' dir='ltr'>oporteat.</span> <span class='ocrx_word' id='word_1_95' title='bbox 792 1746 844 1811; x_wconf 85' lang='lat' dir='ltr'>sic</span> <span class='ocrx_word' id='word_1_96' title='bbox 867 1746 964 1810; x_wconf 91' lang='lat' dir='ltr'>etiam</span> <span class='ocrx_word' id='word_1_97' title='bbox 985 1747 1020 1809; x_wconf 92' lang='lat' dir='ltr'>in</span> <span class='ocrx_word' id='word_1_98' title='bbox 1043 1745 1112 1809; x_wconf 86' lang='lat' dir='ltr'>aliis</span> <span class='ocrx_word' id='word_1_99' title='bbox 1137 1746 1280 1810; x_wconf 88' lang='lat' dir='ltr'>scientiis</span> 
     </span>
     <span class='ocr_line' id='line_1_14' title="bbox 256 1859 1281 1945; baseline -0.001 -22"><span class='ocrx_word' id='word_1_100' title='bbox 256 1859 475 1945; x_wconf 87' lang='lat' dir='ltr'>superioribus</span> <span class='ocrx_word' id='word_1_101' title='bbox 485 1872 619 1945; x_wconf 92' lang='lat' dir='ltr'>propter</span> <span class='ocrx_word' id='word_1_102' title='bbox 628 1859 833 1943; x_wconf 92' lang='lat' dir='ltr'>ingeniorum</span> <span class='ocrx_word' id='word_1_103' title='bbox 844 1869 877 1924; x_wconf 92' lang='lat' dir='ltr'>et</span> <span class='ocrx_word' id='word_1_104' title='bbox 887 1870 1021 1923; x_wconf 85' lang='lat' dir='ltr'>actatum</span> <span class='ocrx_word' id='word_1_105' title='bbox 1029 1859 1281 1944; x_wconf 86' lang='lat' dir='ltr'>inaequalitatem</span> 
     </span>
     <span class='ocr_line' id='line_1_15' title="bbox 257 1971 1281 2057; baseline 0.001 -23"><span class='ocrx_word' id='word_1_106' title='bbox 257 1972 382 2056; x_wconf 87' lang='lat' dir='ltr'>aliaque</span> <span class='ocrx_word' id='word_1_107' title='bbox 405 1971 659 2036; x_wconf 84' lang='lat' dir='ltr'>consideratione</span> <span class='ocrx_word' id='word_1_108' title='bbox 681 1971 780 2057; x_wconf 88' lang='lat' dir='ltr'>digna</span> <span class='ocrx_word' id='word_1_109' title='bbox 801 1973 843 2035; x_wconf 90' lang='lat' dir='ltr'>ad</span> <span class='ocrx_word' id='word_1_110' title='bbox 869 1972 1008 2036; x_wconf 92' lang='lat' dir='ltr'>eundem</span> <span class='ocrx_word' id='word_1_111' title='bbox 1029 1971 1206 2056; x_wconf 87' lang='lat' dir='ltr'>pertinebit</span> <span class='ocrx_word' id='word_1_112' title='bbox 1228 1995 1281 2036; x_wconf 85' lang='lat' dir='ltr'>ex-</span> 
     </span>
     <span class='ocr_line' id='line_1_16' title="bbox 257 2083 1281 2171; baseline 0 -23"><span class='ocrx_word' id='word_1_113' title='bbox 257 2085 409 2169; x_wconf 91' lang='lat' dir='ltr'>pendere,</span> <span class='ocrx_word' id='word_1_114' title='bbox 425 2086 555 2169; x_wconf 89' lang='lat' dir='ltr'>quando</span> <span class='ocrx_word' id='word_1_115' title='bbox 570 2083 707 2169; x_wconf 89' lang='lat' dir='ltr'>quisque</span> <span class='ocrx_word' id='word_1_116' title='bbox 722 2107 776 2149; x_wconf 89' lang='lat' dir='ltr'>eas</span> <span class='ocrx_word' id='word_1_117' title='bbox 791 2084 933 2171; x_wconf 81' lang='lat' dir='ltr'>aggredi,</span> <span class='ocrx_word' id='word_1_118' title='bbox 949 2096 982 2149; x_wconf 92' lang='lat' dir='ltr'>et</span> <span class='ocrx_word' id='word_1_119' title='bbox 1004 2084 1149 2170; x_wconf 91' lang='lat' dir='ltr'>quandui</span> <span class='ocrx_word' id='word_1_120' title='bbox 1170 2084 1206 2148; x_wconf 92' lang='lat' dir='ltr'>in</span> <span class='ocrx_word' id='word_1_121' title='bbox 1221 2085 1281 2148; x_wconf 90' lang='lat' dir='ltr'>eis-</span> 
     </span>
     <span class='ocr_line' id='line_1_17' title="bbox 259 2196 1281 2283; baseline 0.001 -24"><span class='ocrx_word' id='word_1_122' title='bbox 259 2198 333 2260; x_wconf 93' lang='lat' dir='ltr'>dem</span> <span class='ocrx_word' id='word_1_123' title='bbox 358 2197 479 2262; x_wconf 90' lang='lat' dir='ltr'>versari</span> <span class='ocrx_word' id='word_1_124' title='bbox 502 2197 636 2262; x_wconf 76' lang='lat' dir='ltr'>debeatr</span> <span class='ocrx_word' id='word_1_125' title='bbox 676 2197 822 2263; x_wconf 75' lang='lat' dir='ltr'>auanvis</span> <span class='ocrx_word' id='word_1_126' title='bbox 845 2197 879 2277; x_wconf 93' lang='lat' dir='ltr'>ii,</span> <span class='ocrx_word' id='word_1_127' title='bbox 905 2196 962 2282; x_wconf 90' lang='lat' dir='ltr'>qui</span> <span class='ocrx_word' id='word_1_128' title='bbox 985 2208 1080 2262; x_wconf 85' lang='lat' dir='ltr'>aetate</span> <span class='ocrx_word' id='word_1_129' title='bbox 1103 2208 1137 2262; x_wconf 88' lang='lat' dir='ltr'>et</span> <span class='ocrx_word' id='word_1_130' title='bbox 1160 2196 1281 2283; x_wconf 91' lang='lat' dir='ltr'>ingenii</span> 
     </span>
     <span class='ocr_line' id='line_1_18' title="bbox 260 2307 1280 2394; baseline 0 -22"><span class='ocrx_word' id='word_1_131' title='bbox 260 2308 440 2394; x_wconf 88' lang='lat' dir='ltr'>aptitudine</span> <span class='ocrx_word' id='word_1_132' title='bbox 463 2308 597 2394; x_wconf 88' lang='lat' dir='ltr'>pollent,</span> <span class='ocrx_word' id='word_1_133' title='bbox 613 2307 728 2372; x_wconf 88' lang='lat' dir='ltr'>melius</span> <span class='ocrx_word' id='word_1_134' title='bbox 751 2308 803 2388; x_wconf 89' lang='lat' dir='ltr'>sit,</span> <span class='ocrx_word' id='word_1_135' title='bbox 826 2320 864 2372; x_wconf 88' lang='lat' dir='ltr'>ut</span> <span class='ocrx_word' id='word_1_136' title='bbox 885 2308 920 2372; x_wconf 91' lang='lat' dir='ltr'>in</span> <span class='ocrx_word' id='word_1_137' title='bbox 942 2309 1094 2373; x_wconf 90' lang='lat' dir='ltr'>omnibus</span> <span class='ocrx_word' id='word_1_138' title='bbox 1114 2309 1280 2394; x_wconf 87' lang='lat' dir='ltr'>proficere,</span> 
     </span>
     <span class='ocr_line' id='line_1_19' title="bbox 259 2419 1033 2506; baseline 0.001 -21"><span class='ocrx_word' id='word_1_139' title='bbox 259 2432 291 2485; x_wconf 89' lang='lat' dir='ltr'>et</span> <span class='ocrx_word' id='word_1_140' title='bbox 306 2419 474 2506; x_wconf 89' lang='lat' dir='ltr'>conspicui</span> <span class='ocrx_word' id='word_1_141' title='bbox 489 2443 558 2484; x_wconf 89' lang='lat' dir='ltr'>esse</span> <span class='ocrx_word' id='word_1_142' title='bbox 574 2420 616 2484; x_wconf 91' lang='lat' dir='ltr'>ad</span> <span class='ocrx_word' id='word_1_143' title='bbox 630 2420 694 2484; x_wconf 92' lang='lat' dir='ltr'>Dei</span> <span class='ocrx_word' id='word_1_144' title='bbox 708 2421 843 2506; x_wconf 86' lang='lat' dir='ltr'>gloriam</span> <span class='ocrx_word' id='word_1_145' title='bbox 859 2421 983 2486; x_wconf 87' lang='lat' dir='ltr'>enitant</span> <span class='ocrx_word' id='word_1_146' title='bbox 1024 2469 1033 2486; x_wconf 84' lang='lat'><strong>.</strong></span> 
     </span>
    </p>

    <p class='ocr_par' dir='ltr' id='par_1_5' title="bbox 216 2531 1316 2954">
     <span class='ocr_line' id='line_1_20' title="bbox 216 2531 1280 2619; baseline -0.001 -22"><span class='ocrx_word' id='word_1_147' title='bbox 216 2540 234 2597; x_wconf 87' lang='grc'><strong>5</strong></span> <span class='ocrx_word' id='word_1_148' title='bbox 260 2531 308 2595; x_wconf 90' lang='lat' dir='ltr'>Ut</span> <span class='ocrx_word' id='word_1_149' title='bbox 323 2531 494 2596; x_wconf 88' lang='lat' dir='ltr'>assiduitas</span> <span class='ocrx_word' id='word_1_150' title='bbox 508 2532 543 2595; x_wconf 94' lang='lat' dir='ltr'>in</span> <span class='ocrx_word' id='word_1_151' title='bbox 557 2531 711 2596; x_wconf 90' lang='lat' dir='ltr'>litterario</span> <span class='ocrx_word' id='word_1_152' title='bbox 730 2533 891 2614; x_wconf 85' lang='lat' dir='ltr'>exercitio,</span> <span class='ocrx_word' id='word_1_153' title='bbox 907 2533 952 2596; x_wconf 88' lang='lat' dir='ltr'>sic</span> <span class='ocrx_word' id='word_1_154' title='bbox 968 2544 1000 2598; x_wconf 90' lang='lat' dir='ltr'>et</span> <span class='ocrx_word' id='word_1_155' title='bbox 1016 2533 1122 2619; x_wconf 91' lang='lat' dir='ltr'>aliqua</span> <span class='ocrx_word' id='word_1_156' title='bbox 1136 2533 1280 2598; x_wconf 88' lang='lat' dir='ltr'>remissio</span> 
     </span>
     <span class='ocr_line' id='line_1_21' title="bbox 260 2642 1316 2730; baseline 0.002 -24"><span class='ocrx_word' id='word_1_157' title='bbox 260 2642 438 2707; x_wconf 86' lang='lat' dir='ltr'>necessaria</span> <span class='ocrx_word' id='word_1_158' title='bbox 453 2651 512 2707; x_wconf 88' lang='lat' dir='ltr'>est.</span> <span class='ocrx_word' id='word_1_159' title='bbox 558 2644 691 2710; x_wconf 70' lang='lat' dir='ltr'>Quanta</span> <span class='ocrx_word' id='word_1_160' title='bbox 705 2645 775 2708; x_wconf 92' lang='lat' dir='ltr'>haeo</span> <span class='ocrx_word' id='word_1_161' title='bbox 791 2667 860 2709; x_wconf 87' lang='lat' dir='ltr'>esse</span> <span class='ocrx_word' id='word_1_162' title='bbox 876 2645 1002 2725; x_wconf 89' lang='lat' dir='ltr'>debeat,</span> <span class='ocrx_word' id='word_1_163' title='bbox 1018 2655 1050 2722; x_wconf 88' lang='lat' dir='ltr'>et</span> <span class='ocrx_word' id='word_1_164' title='bbox 1066 2645 1185 2730; x_wconf 90' lang='lat' dir='ltr'>quibus</span> <span class='ocrx_word' id='word_1_165' title='bbox 1201 2656 1282 2709; x_wconf 90' lang='lat' dir='ltr'>tem·</span> <span class='ocrx_word' id='word_1_166' title='bbox 1312 2682 1316 2690; x_wconf 92' lang='lat'>·</span> 
     </span>
     <span class='ocr_line' id='line_1_22' title="bbox 258 2755 1281 2845; baseline 0.003 -27"><span class='ocrx_word' id='word_1_167' title='bbox 258 2755 403 2841; x_wconf 90' lang='lat' dir='ltr'>poribus,</span> <span class='ocrx_word' id='word_1_168' title='bbox 426 2756 673 2821; x_wconf 89' lang='lat' dir='ltr'>considerationi</span> <span class='ocrx_word' id='word_1_169' title='bbox 693 2758 851 2838; x_wconf 76' lang='lat' dir='ltr'>RectoriS,</span> <span class='ocrx_word' id='word_1_170' title='bbox 873 2758 1022 2845; x_wconf 88' lang='lat' dir='ltr'>expensis</span> <span class='ocrx_word' id='word_1_171' title='bbox 1043 2757 1281 2823; x_wconf 87' lang='lat' dir='ltr'>circunstantiis</span> 
     </span>
     <span class='ocr_line' id='line_1_23' title="bbox 259 2868 912 2954; baseline 0.005 -23"><span class='ocrx_word' id='word_1_172' title='bbox 259 2890 470 2954; x_wconf 88' lang='lat' dir='ltr'>personarum</span> <span class='ocrx_word' id='word_1_173' title='bbox 486 2879 518 2932; x_wconf 91' lang='lat' dir='ltr'>et</span> <span class='ocrx_word' id='word_1_174' title='bbox 532 2868 688 2949; x_wconf 89' lang='lat' dir='ltr'>locorum,</span> <span class='ocrx_word' id='word_1_175' title='bbox 703 2869 912 2954; x_wconf 91' lang='lat' dir='ltr'>relinquetur.</span> 
     </span>
    </p>
   </div>
   <div class='ocr_carea' id='block_1_3' title="bbox 408 3240 1073 3300">
    <p class='ocr_par' dir='ltr' id='par_1_6' title="bbox 408 3240 1073 3300">
     <span class='ocr_line' id='line_1_24' title="bbox 408 3240 1073 3300; baseline 0.011 -20"><span class='ocrx_word' id='word_1_176' title='bbox 408 3240 455 3281; x_wconf 82' lang='lat' dir='ltr'>DE</span> <span class='ocrx_word' id='word_1_177' title='bbox 474 3240 606 3300; x_wconf 81' lang='lat' dir='ltr'>LIBRIS,</span> <span class='ocrx_word' id='word_1_178' title='bbox 623 3241 687 3288; x_wconf 80' lang='lat' dir='ltr'>QUI</span> <span class='ocrx_word' id='word_1_179' title='bbox 704 3242 951 3286; x_wconf 84' lang='lat' dir='ltr'><strong>PRAELEGENDI</strong></span> <span class='ocrx_word' id='word_1_180' title='bbox 969 3243 1073 3287; x_wconf 80' lang='lat' dir='ltr'><strong>SUNT·</strong></span> 
     </span>
    </p>
   </div>
   <div class='ocr_carea' id='block_1_4' title="bbox 221 3491 1288 4144">
    <p class='ocr_par' dir='ltr' id='par_1_7' title="bbox 221 3491 1288 4144">
     <span class='ocr_line' id='line_1_25' title="bbox 221 3491 1280 3586; baseline 0.009 -32"><span class='ocrx_word' id='word_1_181' title='bbox 221 3497 236 3555; x_wconf 91' lang='lat'>1</span> <span class='ocrx_word' id='word_1_182' title='bbox 264 3491 494 3556; x_wconf 70' lang='lat' dir='ltr'>Gariannum</span> <span class='ocrx_word' id='word_1_183' title='bbox 514 3495 867 3578; x_wconf 75' lang='lat' dir='ltr'>(utdictumest,ci1m</span> <span class='ocrx_word' id='word_1_184' title='bbox 890 3499 929 3562; x_wconf 92' lang='lat' dir='ltr'>de</span> <span class='ocrx_word' id='word_1_185' title='bbox 946 3499 1099 3585; x_wconf 89' lang='lat' dir='ltr'>Collegiis</span> <span class='ocrx_word' id='word_1_186' title='bbox 1120 3502 1280 3586; x_wconf 87' lang='lat' dir='ltr'>ageretur)</span> 
     </span>
     <span class='ocr_line' id='line_1_26' title="bbox 260 3602 1285 3695; baseline 0.013 -30"><span class='ocrx_word' id='word_1_187' title='bbox 260 3602 306 3665; x_wconf 92' lang='lat' dir='ltr'>illi</span> <span class='ocrx_word' id='word_1_188' title='bbox 324 3604 540 3689; x_wconf 89' lang='lat' dir='ltr'>praelegentur</span> <span class='ocrx_word' id='word_1_189' title='bbox 560 3605 645 3687; x_wconf 89' lang='lat' dir='ltr'>libri,</span> <span class='ocrx_word' id='word_1_190' title='bbox 661 3608 716 3692; x_wconf 93' lang='lat' dir='ltr'>qui</span> <span class='ocrx_word' id='word_1_191' title='bbox 738 3609 772 3673; x_wconf 93' lang='lat' dir='ltr'>in</span> <span class='ocrx_word' id='word_1_192' title='bbox 795 3611 930 3695; x_wconf 88' lang='lat' dir='ltr'>quanvis</span> <span class='ocrx_word' id='word_1_193' title='bbox 951 3611 1104 3676; x_wconf 87' lang='lat' dir='ltr'>facultate</span> <span class='ocrx_word' id='word_1_194' title='bbox 1125 3615 1285 3678; x_wconf 78' lang='lat' dir='ltr'>solidioris</span> 
     </span>
     <span class='ocr_line' id='line_1_27' title="bbox 263 3718 1285 3803; baseline 0.013 -26"><span class='ocrx_word' id='word_1_195' title='bbox 263 3737 300 3778; x_wconf 87' lang='lat' dir='ltr'>ac</span> <span class='ocrx_word' id='word_1_196' title='bbox 314 3718 482 3780; x_wconf 79' lang='lat' dir='ltr'>securioris</span> <span class='ocrx_word' id='word_1_197' title='bbox 501 3719 649 3782; x_wconf 73' lang='lat' dir='ltr'>doctrina</span> <span class='ocrx_word' id='word_1_198' title='bbox 670 3720 888 3803; x_wconf 91' lang='lat' dir='ltr'>habebuntur,</span> <span class='ocrx_word' id='word_1_199' title='bbox 933 3724 1003 3788; x_wconf 92' lang='lat' dir='ltr'>Neo</span> <span class='ocrx_word' id='word_1_200' title='bbox 1025 3724 1071 3788; x_wconf 91' lang='lat' dir='ltr'>illi</span> <span class='ocrx_word' id='word_1_201' title='bbox 1094 3736 1172 3789; x_wconf 93' lang='lat' dir='ltr'>sunt</span> <span class='ocrx_word' id='word_1_202' title='bbox 1188 3725 1285 3791; x_wconf 91' lang='lat' dir='ltr'>attin-</span> 
     </span>
     <span class='ocr_line' id='line_1_28' title="bbox 262 3827 1286 3921; baseline 0.014 -33"><span class='ocrx_word' id='word_1_203' title='bbox 262 3827 370 3909; x_wconf 89' lang='lat' dir='ltr'>gendi,</span> <span class='ocrx_word' id='word_1_204' title='bbox 387 3850 525 3912; x_wconf 92' lang='lat' dir='ltr'>quorum</span> <span class='ocrx_word' id='word_1_205' title='bbox 541 3829 698 3911; x_wconf 86' lang='lat' dir='ltr'>doctrina,</span> <span class='ocrx_word' id='word_1_206' title='bbox 712 3833 764 3896; x_wconf 94' lang='lat' dir='ltr'>vel</span> <span class='ocrx_word' id='word_1_207' title='bbox 778 3835 929 3901; x_wconf 88' lang='lat' dir='ltr'>authores</span> <span class='ocrx_word' id='word_1_208' title='bbox 952 3836 1095 3921; x_wconf 87' lang='lat' dir='ltr'>suspecti</span> <span class='ocrx_word' id='word_1_209' title='bbox 1117 3837 1193 3902; x_wconf 88' lang='lat' dir='ltr'>sint.</span> <span class='ocrx_word' id='word_1_210' title='bbox 1240 3838 1286 3902; x_wconf 91' lang='lat' dir='ltr'>Hi</span> 
     </span>
     <span class='ocr_line' id='line_1_29' title="bbox 262 3941 1287 4032; baseline 0.015 -32"><span class='ocrx_word' id='word_1_211' title='bbox 262 3948 371 4003; x_wconf 89' lang='lat' dir='ltr'>tamen</span> <span class='ocrx_word' id='word_1_212' title='bbox 386 3941 603 4026; x_wconf 90' lang='lat' dir='ltr'>particulatim</span> <span class='ocrx_word' id='word_1_213' title='bbox 619 3943 653 4007; x_wconf 92' lang='lat' dir='ltr'>in</span> <span class='ocrx_word' id='word_1_214' title='bbox 669 3945 805 4028; x_wconf 88' lang='lat' dir='ltr'>quanvis</span> <span class='ocrx_word' id='word_1_215' title='bbox 822 3947 1040 4014; x_wconf 88' lang='lat' dir='ltr'>Universitate</span> <span class='ocrx_word' id='word_1_216' title='bbox 1056 3951 1287 4032; x_wconf 79' lang='lat' dir='ltr'>nominentur3</span> 
     </span>
     <span class='ocr_line' id='line_1_30' title="bbox 264 4050 1288 4144; baseline 0.015 -31"><span class='ocrx_word' id='word_1_217' title='bbox 264 4050 299 4114; x_wconf 93' lang='lat' dir='ltr'>in</span> <span class='ocrx_word' id='word_1_218' title='bbox 317 4052 493 4139; x_wconf 82' lang='lat' dir='ltr'>Theologia</span> <span class='ocrx_word' id='word_1_219' title='bbox 518 4055 644 4142; x_wconf 87' lang='lat' dir='ltr'>legetur</span> <span class='ocrx_word' id='word_1_220' title='bbox 665 4069 758 4124; x_wconf 89' lang='lat' dir='ltr'>vetus</span> <span class='ocrx_word' id='word_1_221' title='bbox 781 4071 813 4124; x_wconf 90' lang='lat' dir='ltr'>et</span> <span class='ocrx_word' id='word_1_222' title='bbox 835 4084 956 4128; x_wconf 85' lang='lat' dir='ltr'>novum</span> <span class='ocrx_word' id='word_1_223' title='bbox 978 4063 1235 4144; x_wconf 83' lang='lat' dir='ltr'>Testamentum,</span> <span class='ocrx_word' id='word_1_224' title='bbox 1255 4075 1288 4128; x_wconf 91' lang='lat' dir='ltr'>et</span> 
     </span>
    </p>
   </div>
   <div class='ocr_carea' id='block_1_5' title="bbox 0 0 1342 4732">
    <p class='ocr_par' dir='ltr' id='par_1_8' title="bbox 0 0 1342 4732">
     <span class='ocr_line' id='line_1_31' title="bbox 0 0 1342 4732; baseline 0 0"><span class='ocrx_word' id='word_1_225' title='bbox 0 0 1342 4732; x_wconf 95' lang='lat' dir='ltr'> </span> 
     </span>
    </p>
   </div>
  </div>
 </body>
</html>
