2646 4732
553 337 879 380 CONSTITU'HONUM

243 524 317 566 cum
333 501 564 587 approbatione
581 482 832 587 Prae'positorum
844 501 1098 566 ·Provincialium
1115 503 1178 568 sibi
1194 505 1270 569 sub·

244 616 358 680 stituat
370 642 379 694 ;
411 616 476 679 sive
495 615 541 678 illi
563 637 639 678 curn
662 614 893 700 approbatione
916 616 1054 680 duorum
1075 617 1272 703 Praeposito-

243 751 317 792 rum
342 728 505 806 localium,
530 727 581 791 vel
607 728 781 791 Rectorum
809 727 1064 814 uniuscujusque
1092 730 1271 796 Provinciae

243 863 318 904 eum
334 862 393 924 per
410 840 534 903 litteras
549 838 697 924 pluribus
718 839 877 924 suffragiis
900 839 1021 926 eligant
1043 841 1085 904 ad
1101 841 1271 907 Societatis

243 952 510 1038 gubernationem
532 973 663 1014 cumea
682 951 845 1029 facultate,
868 974 941 1035 quae
966 952 1128 1033 Generali,
1143 955 1196 1019 vel
1210 954 1272 1040 ipsi

244 1065 407 1143 Societati,
423 1065 450 1128 si
465 1086 503 1128 ea
517 1063 658 1148 eligeret,
674 1063 943 1127 communicanda
956 1065 1131 1131 videretur.

202 1179 220 1252 7
245 1177 343 1242 Sexta
357 1177 465 1239 locum
480 1176 613 1239 haberet
628 1174 662 1237 in
678 1173 873 1258 quibusdam
889 1176 1039 1256 casibus3
1064 1199 1147 1262 quos
1164 1199 1272 1264 spera-

243 1311 316 1351 mus
340 1310 399 1372 per
428 1288 492 1351 Dei
517 1286 706 1363 bonitatem,
731 1287 892 1371 aspirante
923 1287 1025 1373 ipsius
1052 1288 1166 1373 gratia,
1187 1312 1272 1354 nun-

243 1421 341 1483 quam
364 1409 535 1462 eventuros
559 1397 754 1482 (cujusmodi
777 1407 886 1462 essent
907 1398 1042 1484 peccata
1063 1399 1215 1464 mortalia
1237 1402 1272 1464 in

244 1521 414 1573 externum
436 1520 545 1572 actum
566 1510 771 1594 prodeuntia,
787 1533 824 1573 ac
847 1510 1039 1574 nominatim
1062 1512 1181 1596 copula
1203 1534 1274 1576 car-

244 1622 337 1700 nah’s,
363 1622 530 1684 vulnerare
556 1644 753 1706 quenquam,
777 1645 817 1684 ex
842 1621 1023 1686 redditibus
1051 1622 1272 1708 Collegiorum

244 1733 366 1817 aliquid
384 1734 426 1796 ad
447 1732 595 1818 proprios
616 1745 767 1819 sumptus
790 1755 963 1813 assumere,
986 1734 1037 1797 vel
1057 1734 1160 1798 cuivis
1182 1742 1273 1799 extra

246 1844 439 1909 Societatem
466 1845 595 1923 donare,
619 1844 670 1908 vel
696 1845 803 1928 aliqua
829 1845 956 1909 stabilia
980 1845 1068 1910 bona
1089 1846 1272 1926 domorum,

245 1969 301 2021 aut
332 1956 551 2041 Collegiorum
589 1957 737 2036 alienare,
767 1958 818 2021 vel
853 1958 1060 2043 depravatam
1090 1959 1273 2024 doctrinam

243 2070 372 2134 habere.
418 2069 534 2153 Siquid
555 2091 631 2153 ergo
653 2071 770 2132 horum
794 2070 963 2149 accideret,
984 2081 1094 2155 potest
1117 2093 1154 2135 ac
1175 2072 1273 2137 debet

245 2183 388 2247 Societas
408 2182 447 2266 (si
469 2183 509 2246 de
531 2204 565 2246 re
590 2182 859 2246 sufficientissime
882 2184 1055 2268 constaret)
1074 2207 1152 2248 eum·
1166 2185 1278 2250 officio-

243 2297 379 2383 privare,
395 2304 438 2376 et,
455 2296 482 2360 si
497 2318 579 2381 opus
596 2307 655 2375 est,
672 2297 690 2358 a
705 2296 864 2360 Societate
879 2319 1053 2377 removere,
1068 2297 1103 2360 in
1119 2298 1278 2363 omnstrus-

244 2432 313 2496 prae
336 2409 438 2473 oculis
462 2408 612 2472 habendo
638 2409 726 2493 quod
753 2409 794 2470 ad
819 2408 973 2494 majorem
996 2409 1059 2474 Dei
1079 2411 1216 2495 gloriam
1240 2422 1274 2475 et

245 2522 424 2587 universale
438 2522 562 2585 bonum
578 2520 747 2585 Societatis
763 2522 830 2585 fore
844 2496 847 2509 Ι
849 2521 1058 2605 judicabitur.

234 2908 280 2950 Da
298 2905 413 2965 MODO,
429 2905 502 2953 QUO
521 2905 739 2947 PROCEDERE
758 2906 890 2965 DEBET,
908 2907 1080 2951 sommas
1098 2910 1138 2951 IN
1157 2910 1219 2969 118,

277 3019 359 3066 QUAE
377 3018 426 3060 AD
445 3017 687 3060 PRAEPOSITUM
706 3017 937 3060 GENERALEM
955 3021 1180 3065 PERTINENT.

644 3131 742 3196 CAP.
765 3133 806 3197 V.

205 3279 219 3333 l
247 3271 289 3333 IN
316 3267 430 3354 primis
455 3266 625 3352 Praepositi
650 3266 876 3348 Provinciales,
900 3291 982 3353 quos
1008 3269 1177 3335 Generalis
1201 3272 1277 3357 ipse·

244 3405 303 3469 per
318 3404 352 3446 se
367 3379 547 3460 constituit,
558 3379 593 3443 in
609 3391 786 3465 conspectu
798 3381 862 3445 Dei
877 3381 1077 3447 considerare
1087 3392 1121 3447 et
1135 3385 1272 3466 efficere,

244 3495 333 3580 quod
353 3491 526 3557 universali
543 3491 630 3556 bono
652 3491 821 3557 Societatis
844 3494 964 3558 debent
983 3494 1018 3559 in
1043 3495 1209 3580 praedictis
1232 3497 1275 3560 ad·

246 3605 462 3691 Praepositum
479 3604 670 3668 Generalem
692 3605 941 3689 pertinentibus,
956 3618 1054 3690 prout
1077 3607 1112 3671 in
1127 3607 1277 3673 Domino

246 3717 416 3797 senserint,
431 3724 613 3781 teneantur.

203 3837 222 3893 2
245 3829 372 3894 Deinde
392 3829 426 3892 in
450 3828 500 3910 iis,
518 3850 590 3913 quae
611 3829 652 3892 ad
673 3839 823 3915 sumptus
844 3840 877 3893 et
896 3852 1006 3895 curam
1026 3832 1170 3917 corporis
1191 3832 1272 3919 ejus,

245 3949 279 4004 et
292 3962 343 4005 res
360 3940 437 4004 alias
452 3939 561 4004 minus
582 3962 694 4025 graves
714 3940 889 4026 pertinent,
912 3942 1163 4028 congregatione
1188 3967 1271 4030 opus

245 4074 312 4117 non
339 4063 409 4133 est;
441 4053 498 4116 sed
521 4062 559 4117 ut
584 4051 727 4120 Societas
751 4052 836 4121 viros
861 4065 1000 4139 quatuor
1020 4054 1049 4118 ei
1073 4055 1273 4136 assistentes,
