2646 4732
114 330 154 404 78
495 349 821 396 cousurrumouuu

179 513 388 579 satisfaciant.
433 515 496 579 Per
524 527 653 581 nostros
683 524 792 582 autem
821 538 860 581 ea
888 517 1208 598 tracturiconvenit,

179 648 253 711 quaa
271 636 392 693 nostrae
414 627 575 693 vocationi
596 629 639 693 ad
658 629 723 693 Dei
741 628 878 715 gloriam
902 629 1007 716 magis
1031 638 1111 696 sunt
1130 653 1208 697 con-

181 745 346 802 sentanea.

138 857 156 912 5
183 848 269 913 Cum
298 848 447 914 homines
476 849 589 914 itidem
618 850 717 935 hujus
748 849 919 915 Societatis
949 871 1078 937 semper
1102 850 1208 936 parati

181 982 253 1025 esse
268 960 408 1025 debeant
423 960 465 1024 ad
479 959 726 1025 discurrendum
740 983 799 1047 per
814 960 945 1046 quasvis
960 960 1077 1026 mundi
1087 971 1209 1047 partes,

182 1092 248 1155 quo
263 1071 384 1136 fuerint
406 1094 426 1135 a
441 1072 577 1136 Summo
593 1072 762 1152 Pontifice,
776 1073 829 1137 vel
850 1094 870 1136 a
891 1073 960 1138 suis
980 1071 1209 1158 Superioribus

182 1182 293 1263 missi3
319 1205 387 1247 non
409 1182 529 1247 debent
551 1204 662 1247 curam
684 1183 876 1264 animarum,
891 1204 997 1268 neque
1012 1184 1092 1249 item
1107 1183 1210 1248 Muli-

183 1315 275 1358 erum
301 1293 549 1380 Religiosarum,
572 1294 624 1359 vel
653 1294 787 1358 aliarum
816 1315 1085 1380 quarumcunque
1109 1294 1211 1358 susci·

184 1427 271 1490 pere,
286 1416 324 1469 ut
338 1404 498 1470 ordinarie
512 1405 640 1469 illarum
655 1405 875 1470 confessiones
890 1405 1034 1486 audiant,
1047 1405 1101 1480 rel
1122 1405 1212 1491 ipsas

99 1542 102 1547 ·
184 1523 318 1601 regant3
342 1516 489 1582 Quanvis
504 1516 587 1580 nihil
600 1528 760 1604 repugnet
783 1517 883 1582 semel
904 1517 1003 1582 unius
1018 1516 1213 1581 Monasterii

186 1627 406 1692 confessiones
420 1627 463 1691 ob
479 1627 633 1713 speciales
648 1650 762 1692 causas
777 1628 899 1693 audire.

143 1746 164 1802 6
188 1737 336 1825 Obligari
355 1739 512 1803 etiamad
533 1739 648 1804 missas
671 1750 844 1825 perpetuas
866 1740 901 1803 in
924 1739 992 1803 suis
1005 1739 1150 1803 ecclesiis
1166 1739 1215 1802 di-

187 1851 318 1931 cendas,
332 1851 384 1916 vel
398 1851 440 1915 ad
455 1872 566 1914 curam
582 1850 730 1930 similem,
745 1872 844 1935 quam
865 1850 997 1916 libertas
1012 1858 1125 1916 nostro
1139 1872 1215 1936 pro-

188 1963 326 2029 cedendi
340 1965 437 2030 modo
451 1963 486 2027 in
497 1963 640 2028 Domino
654 1963 836 2028 necessaria
849 1984 917 2029 non
931 1963 1065 2049 patiun,
1080 1962 1215 2027 minime

188 2077 350 2143 convenit.

147 2188 240 2265 7Ut
267 2187 397 2274 plenius
426 2186 531 2273 possit
561 2187 705 2252 Societas
739 2187 836 2251 rebus
867 2185 1088 2272 spiritualibus
1121 2184 1218 2271 juxta

189 2322 287 2365 suum
311 2298 505 2364 Institutum
527 2320 661 2376 vacare3
693 2299 871 2386 quoadejus
893 2298 963 2363 fieri
980 2296 1112 2384 poterit,
1127 2296 1147 2361 a
1161 2319 1218 2361 ne-

189 2411 288 2497 gotiis
308 2409 507 2474 secularibus
530 2409 715 2473 abstineant
743 2410 862 2495 (qualia
883 2421 961 2474 sunt
980 2408 1219 2473 testamentari-

190 2545 296 2602 orum,
311 2522 362 2587 vel
377 2531 597 2601 executorum,
611 2522 664 2586 vel
677 2534 926 2607 procuratorum
939 2543 1048 2586 rerum
1062 2520 1219 2599 civilium,

192 2645 250 2698 aut
263 2633 299 2696 id
313 2654 417 2718 genus
432 2632 547 2715 officia)
565 2653 625 2696 nec
640 2654 679 2697 ea
692 2633 767 2697 ullis
781 2632 933 2719 precibus
948 2632 1081 2698 adducti
1095 2631 1220 2696 obeun-

192 2747 235 2811 da
257 2745 446 2831 suscipiant,
467 2745 519 2810 vel
537 2743 573 2808 iu
594 2744 657 2809 illis
680 2767 714 2810 se
734 2745 886 2831 occupari
908 2745 1027 2810 sinant.
1072 2743 1221 2811 Quodsi

195 2856 414 2942 Collegiorum
432 2855 540 2941 aliqua
564 2856 695 2941 negotia
718 2857 887 2922 tractanda
911 2856 1043 2935 fuerint,
1063 2876 1141 2919 euos
1163 2856 1222 2919 ha-

193 2968 293 3034 beant
317 2978 552 3054 procuratores,
575 2990 634 3053 per
657 2989 738 3052 quos
764 2990 803 3032 ea
825 2975 976 3048 tractent,
1000 2979 1035 3030 et
1061 2965 1139 3052 jura
1163 2987 1223 3030 sua

195 3092 357 3148 tueantur.
402 3080 438 3145 Si
458 3103 534 3146 vero
558 3081 600 3145 ad
625 3082 739 3146 domos
766 3079 948 3159 Societatis,
972 3079 1024 3144 vel
1047 3079 1088 3142 ad
1114 3085 1223 3142 totum

195 3195 265 3280 ejus
281 3216 399 3280 corpus
414 3194 599 3280 pertinent:
622 3194 687 3278 qub
702 3215 817 3280 paoem
840 3215 932 3257 suam
953 3191 1069 3257 melius
1091 3212 1225 3256 conser-

195 3330 270 3373 vare
299 3306 403 3393 possit
433 3307 602 3384 Societas3
643 3306 730 3371 idem
762 3316 961 3392 procurator,
996 3305 1048 3370 vel
1073 3304 1157 3369 alius
1184 3327 1226 3368 ex

198 3419 461 3504 OoadjutoribuS,
474 3419 527 3484 vel
547 3418 678 3482 demum
701 3418 817 3503 aliquis
835 3429 926 3483 extra
940 3417 1147 3496 Societatem,
1168 3424 1227 3480 aut

198 3532 334 3597 Familia
357 3530 531 3616 quaepiam,
555 3551 628 3614 quae
652 3530 769 3594 domus
792 3529 1010 3616 patrocinium
1034 3528 1227 3614 susciperet,

192 3643 249 3730 jus
266 3643 435 3708 Societatis
451 3642 493 3706 ad
506 3641 661 3726 majorem
677 3642 740 3707 Dei
755 3641 890 3728 gloriam
904 3652 1016 3727 posset
1031 3640 1216 3704 defendere.

155 3763 175 3820 8
199 3756 324 3820 Eadem
340 3755 380 3819 de
395 3775 503 3834 causa,
525 3760 626 3838 utque
648 3753 884 3838 inquietudinis
906 3754 925 3817 a
943 3759 1056 3817 nostra
1073 3751 1227 3838 professi-

199 3890 261 3931 one
277 3866 389 3931 alienae
404 3865 589 3931 occasiones
604 3866 777 3945 evitentur,
792 3877 825 3930 et
844 3864 960 3930 melius
981 3886 1047 3950 pax
1068 3885 1106 3927 ac
1123 3864 1227 3928 bene-

199 3980 340 4044 volentia
355 4001 431 4043 cum
445 3978 597 4043 omnibus
613 3979 655 4042 ad
669 3977 822 4063 majorem
835 3977 898 4042 Dei
913 3976 1047 4063 gloriam
1058 3997 1227 4041 conserve-

200 4105 264 4171 tur,
290 4113 386 4157 nemo
412 4113 452 4155 ex
483 4090 650 4171 Professis,
679 4090 731 4155 vel
761 4088 1024 4176 coadjutoribus,
1053 4088 1106 4153 vel
1129 4087 1227 4154 etiam
