2646 4732
506 361 598 407 raas
623 361 780 408 uncmn.
1122 353 1181 411 125

75 579 76 584 η
161 527 379 616 praestituros3
414 527 442 592 si
467 527 537 613 ejus
560 528 830 613 obedientiaqui
853 528 915 593 sub
936 533 1181 616 poenapeccati

160 652 265 728 potest
278 640 465 728 praecipere,
481 663 535 706 eos
550 663 617 706 non
633 641 846 728 compulerit:
877 642 935 706 sed
956 644 1181 729 unusquisque

160 755 264 820 videat
278 777 344 840 qua
357 754 482 819 ratione
498 754 679 819 animarum
695 755 792 820 saluti
808 755 905 841 juxta
926 768 1045 822 nostrae
1060 761 1185 844 profes-

162 866 257 931 sionis
272 866 491 931 humilitatem
507 873 540 931 et
555 867 803 932 submissionem
821 867 973 934 inservire
996 870 1121 955 possit3
1151 884 1185 936 et

160 1000 199 1042 ne
214 977 359 1043 Societas
372 977 425 1042 his
440 978 637 1058 hominibus,
653 978 709 1063 qui
730 980 771 1042 ad
788 980 991 1065 propositum
1008 981 1070 1046 sibi
1084 983 1184 1054 finem

161 1105 234 1157 sunt
248 1092 279 1159 ei
294 1091 478 1173 necessarii,
493 1093 647 1178 privetur.

130 1205 144 1279 7
164 1204 332 1269 Promittat
356 1204 454 1269 etiam
475 1206 547 1269 Deo
573 1203 679 1289 quivis
703 1205 882 1285 Professus,
905 1206 1004 1290 qubd,
1027 1206 1185 1291 siquando

162 1318 243 1383 dicto
258 1319 357 1383 modo
373 1318 561 1403 compulsus
576 1318 799 1404 praelationem
815 1319 956 1403 aliquam
971 1331 1061 1384 extra
1077 1321 1185 1387 Socie-

162 1441 257 1495 tatem
282 1431 443 1511 admittet,
470 1433 578 1494 audiet
595 1439 710 1514 postea
734 1435 842 1513 quovis
858 1439 994 1515 tempore
1017 1436 1186 1517 Preposttt

165 1545 326 1609 Generalis
352 1546 525 1624 canalium,
548 1546 598 1607 ael
622 1545 767 1626 alicujus,
794 1566 884 1626 quem
905 1547 959 1609 ille
980 1547 1041 1610 sibi
1063 1549 1107 1611 ad
1126 1551 1184 1612 boc

162 1657 383 1731 substituerem
407 1656 569 1740 quodque,
585 1656 613 1719 si
629 1657 765 1720 senserit
779 1656 895 1720 melius
911 1679 980 1721 esse
997 1658 1085 1742 quod
1107 1681 1184 1723 con-

163 1767 284 1848 sulitur,
300 1767 343 1831 sit
357 1767 438 1832 illud
453 1775 665 1847 executurus,
694 1790 760 1831 non
776 1768 865 1851 qubd
887 1768 1004 1832 habeat
1026 1769 1082 1853 qui
1098 1770 1185 1834 Prae-

161 1879 238 1944 latus
269 1886 330 1958 est,
359 1878 499 1963 aliquem
529 1880 569 1943 de
601 1879 760 1944 Societate
788 1879 969 1965 Superioris
993 1879 1086 1959 loco;
1125 1882 1182 1945 sed

162 1995 243 2078 qnod
258 2005 376 2079 sponte
390 1993 425 2057 in
440 1993 505 2058 Dei
519 2005 696 2079 conspectu
710 1994 781 2058 vult
797 1994 838 2056 ad
853 1993 887 2057 id
901 1994 1085 2058 faciendum
1102 1995 1184 2059 obli-

161 2107 233 2192 gari,
256 2107 345 2191 quod
366 2107 408 2171 ad
429 2106 575 2172 divinum
595 2106 788 2190 obsequium
810 2106 924 2169 melius
947 2128 1016 2169 esse
1035 2107 1183 2171 intellex-

162 2219 236 2300 erit3
259 2219 412 2304 quodque
420 2222 551 2302 placeat
566 2240 632 2283 esse
647 2222 792 2301 aliquem,
804 2219 927 2300 qaisibi
943 2240 1012 2283 cum
1023 2222 1182 2284 charitate

162 2352 195 2396 aa
213 2332 359 2396 libertate
381 2333 556 2396 christiana
574 2331 614 2394 ad
637 2330 772 2415 gloriam
788 2329 852 2394 Dei
874 2337 907 2393 et
922 2330 1057 2393 Domini
1079 2330 1183 2395 nostri

163 2447 193 2513 id
204 2459 378 2534 proponat.

133 2564 145 2622 8
162 2561 204 2626 Ut
216 2573 377 2648 perpetuo
391 2562 492 2626 totius
514 2561 612 2646 hujus
635 2561 778 2647 corporis
800 2560 907 2625 bonus
931 2573 1035 2626 status
1050 2583 1181 2625 conser-

160 2685 258 2755 vetur,
284 2673 411 2739 confert
432 2672 620 2758 plurimum,
645 2674 733 2758 quod
756 2673 791 2736 in
816 2673 935 2753 Prima,
963 2673 1123 2752 Secunda,
1147 2685 1179 2737 et

162 2785 280 2854 Quinta
301 2796 394 2872 parte
417 2785 541 2850 dictum
562 2792 613 2849 est
634 2785 675 2848 de
691 2785 788 2848 turba
802 2794 835 2848 et
849 2784 1037 2849 hominibus
1060 2785 1102 2848 ad
1123 2806 1182 2849 no-

160 2904 257 2963 strum
282 2897 472 2962 institutum
502 2897 621 2982 ineptis
651 2918 692 2960 ne
722 2897 764 2959 ad
794 2895 1018 2981 probationem
1049 2896 1180 2980 quidem

159 3010 375 3090 admittendis,
397 3017 440 3090 et,
462 3010 490 3073 si
511 3009 611 3093 aliqui
633 3007 832 3094 probationis
854 3019 999 3093 tempore
1022 3030 1089 3071 non
1112 3030 1181 3072 esse

157 3123 261 3189 idonei
274 3122 508 3201 invenirentur,
523 3121 620 3185 etiam
636 3120 849 3184 dimittendis.

127 3233 191 3301 asi
214 3235 371 3321 quivero
397 3233 578 3318 depravatis
608 3230 753 3296 moribus
779 3241 899 3310 essent,
922 3241 955 3293 et
975 3230 1014 3294 de
1041 3250 1179 3313 quorum

157 3348 379 3414 emendatione
392 3368 510 3433 parum
532 3352 724 3432 speraretur,
747 3344 852 3407 multo
874 3343 984 3407 minus
1007 3353 1116 3407 essent
1130 3364 1180 3407 re-

156 3459 289 3524 tinendi.
335 3457 450 3522 Minus
465 3457 563 3522 etiam
585 3465 733 3541 apertum
756 3454 877 3518 ostium
900 3474 969 3517 esse
993 3452 1122 3517 debebit
1139 3454 1180 3517 ad

157 3570 371 3637 admittendos
393 3569 517 3654 aliquos
539 3567 574 3632 in
598 3565 814 3632 scholasticos
837 3563 1044 3650 approbatos,
1064 3571 1096 3627 et
1113 3563 1178 3628 Oo-

159 3685 317 3771 adjutores
336 3683 503 3762 formatos,
523 3679 657 3744 minimi
679 3700 755 3743 vero
777 3677 923 3742 omnium
946 3676 980 3739 in
1003 3676 1178 3741 Professos.

159 3797 232 3862 Non
247 3797 334 3861 enim
350 3794 414 3875 alii,
429 3816 527 3879 quam
543 3792 675 3878 spiritus
691 3799 724 3856 et
739 3790 896 3855 doctrinae
912 3788 1037 3853 selectae
1052 3788 1123 3869 viri,
1146 3801 1179 3854 et

160 3909 305 3988 multum,
332 3907 453 3992 diuque
484 3904 659 3984 exercitati,
690 3914 722 3967 et
748 3903 783 3966 in
812 3901 907 3965 variis
933 3900 1179 3985 probationibus

160 4019 282 4084 nrtutis
305 4030 337 4084 et
361 4016 583 4104 abnegationis
599 4015 795 4101 suiipsorum
811 4036 886 4078 cum
910 4012 1057 4076 omniurn
1079 4012 1180 4076 aedifi-

620 4151 635 4194 J

1152 4376 1276 4456 fl
