2646 4732
494 367 819 414 eonsrmumonun
901 424 903 427 v

182 532 327 617 mosynis
349 532 475 612 vivum,
501 545 534 598 et
558 534 621 619 ipsi
645 535 759 599 eodem
783 534 880 599 modo
899 535 1029 599 vivente
1064 535 1106 600 In
1133 535 1206 600 Col·

182 645 286 731 legiis,
306 645 334 709 si
356 646 510 710 Rectores
533 646 665 726 firerint,
686 647 738 712 vel
764 647 929 728 Lectores,
954 660 1012 712 aut
1031 648 1151 734 alioqui
1173 648 1206 712 in

180 755 278 820 rebus
300 757 498 840 necessariis,
512 759 564 822 vel
585 757 677 822 valde
700 758 967 823 convenientibus
989 759 1111 824 eisdem
1132 759 1206 824 Col-

180 867 273 952 legiis
287 867 391 953 utiles
413 868 544 948 fuerint,
566 869 687 948 vivent,
702 869 787 933 sicut
808 869 934 954 reliqui,
954 892 994 933 ax
1009 893 1121 935 eorum
1135 871 1206 935 red-

182 978 316 1058 ditibus,
327 980 472 1064 quandiu
487 1001 599 1046 eorum
612 1000 712 1065 opera
723 981 868 1066 Collegia
881 981 1096 1066 indigebunt
1122 982 1206 1047 Cum

184 1104 292 1156 autem
307 1093 461 1156 desierint
475 1093 571 1157 utiles
592 1115 661 1157 esse
685 1092 849 1178 collegiis,
871 1094 1020 1159 desinent
1033 1095 1069 1158 in
1084 1095 1131 1159 eis
1150 1096 1206 1158 ha-

182 1203 285 1268 bitare
297 1228 307 1283 3
341 1214 373 1268 et
398 1204 433 1267 in
457 1203 620 1268 Domibus
647 1205 829 1285 Societatis,
854 1212 893 1268 ut
915 1206 957 1270 de
982 1206 1139 1271 Professis
1159 1214 1206 1270 est

184 1314 320 1394 dictum,
335 1314 539 1380 habitabunt.

143 1435 160 1490 5
185 1428 264 1491 Non
280 1427 385 1491 solum
400 1427 557 1506 redditus,
573 1427 631 1490 sed
646 1447 706 1491 nec
728 1427 949 1512 possessiones
970 1426 1053 1492 ullas
1067 1427 1206 1492 habeant

182 1539 216 1601 in
245 1538 431 1625 particulari
468 1560 528 1603 nec
557 1539 592 1602 in
622 1539 787 1603 communi
812 1539 941 1603 Domus
970 1538 1022 1602 vel
1052 1539 1206 1604 Ecclesiae

185 1650 366 1730 Societatis,
382 1652 701 1736 praeterquamquod
723 1652 764 1715 ad
786 1650 1029 1731 habitationem,
1044 1651 1097 1716 vel
1110 1674 1206 1716 usum

185 1761 402 1825 necessarium
417 1761 475 1842 eis,
490 1773 546 1825 aut
561 1761 654 1826 valde
669 1762 864 1827 convenicus
886 1762 1002 1842 fuerit3
1024 1762 1206 1849 cujusmodi

184 1874 366 1954 duceretur,
389 1875 417 1938 si
438 1875 472 1937 in
494 1896 592 1938 usum
614 1874 919 1955 convalescentium,
933 1875 985 1939 vel
1006 1897 1120 1940 eorum
1142 1877 1206 1961 qui,

184 1997 222 2049 ut
235 1985 332 2050 rebus
349 1986 569 2072 spiritualibus
584 1999 710 2067 vacent,
726 2008 760 2050 se
775 1986 817 2050 ab
836 1986 1006 2051 hominum
1027 1987 1206 2072 frequentia

183 2098 356 2184 recipiunt,
367 2099 458 2163 locus
474 2098 590 2182 aliquis
606 2121 625 2162 a
639 2099 805 2163 communi
818 2098 1018 2164 habitatione
1030 2112 1206 2186 separatus,

181 2211 238 2296 qui
253 2233 325 2276 aere
340 2211 520 2291 salubriori,
535 2222 568 2275 et
583 2211 653 2275 aliis
670 2211 848 2277 commodis
863 2212 1009 2297 polleret,
1023 2213 1206 2278 admittere·

182 2335 258 2404 tur3
281 2335 314 2388 et
329 2334 409 2387 tunc
423 2323 612 2408 hujusmodi
627 2323 680 2387 ille
696 2324 748 2403 sit,
763 2335 802 2388 ut
822 2345 883 2388 nec
906 2323 976 2388 aliis
998 2325 1134 2405 locetur,
1149 2347 1206 2389 nec

182 2437 320 2515 fluctus,
335 2437 391 2521 qui
406 2436 593 2500 reddituum
607 2437 678 2501 loco
694 2459 764 2501 esse
779 2438 917 2522 possint,
931 2437 1060 2502 habeat.

139 2555 159 2611 6
183 2546 330 2614 Quanvis
351 2549 392 2612 ad
415 2548 501 2611 bona
520 2560 553 2612 et
576 2559 688 2612 sancta
706 2571 815 2635 opera,
834 2561 867 2615 et
889 2550 1028 2614 maxime
1049 2560 1206 2636 perpetuo

182 2658 338 2722 duratura
351 2658 484 2723 incitare
498 2658 659 2723 laudabile
675 2660 727 2740 sit,
743 2660 785 2725 ob
800 2660 955 2746 majorem
977 2671 1087 2724 tamen
1106 2661 1206 2725 aedili·

181 2770 341 2834 cationem
365 2770 476 2834 nullus
501 2770 542 2833 de
569 2770 729 2835 Societate
754 2772 861 2851 debet,
885 2793 945 2836 nec
971 2781 1079 2858 potest
1105 2793 1206 2856 quen-

181 2903 278 2966 quam
294 2881 393 2946 alium
408 2882 450 2945 ad
460 2881 680 2967 eleemosynas
694 2894 868 2969 perpetuas
883 2881 1033 2947 domibus
1043 2883 1096 2947 vel
1106 2884 1206 2948 cccle-

182 2993 237 3084 siis
252 2993 397 3079 ejusdem
412 2993 582 3058 Societatis
596 2994 824 3078 relinquendas
839 2994 972 3058 incitare
986 3017 994 3058 r
1017 3005 1050 3057 et
1065 2994 1094 3057 si
1108 2994 1206 3079 aliqui

182 3113 298 3191 sponte
321 3127 380 3169 sua
401 3127 455 3169 eas
476 3105 715 3190 relinquerent3
745 3107 872 3170 nullum
898 3105 954 3190 jus
976 3104 1068 3169 civile
1089 3105 1133 3169 ad
1155 3128 1206 3171 eas

181 3218 339 3304 petendas
355 3216 538 3301 acquiratur
552 3219 608 3297 ita,
623 3229 662 3282 ut
679 3217 714 3280 in
732 3217 857 3302 judicio
872 3217 1046 3297 conveniri,
1061 3217 1119 3301 qui
1141 3240 1206 3283 non

182 3331 330 3409 solveret,
345 3341 466 3414 posset.
513 3330 578 3395 Sed
593 3330 668 3393 cum
683 3330 725 3393 ad
746 3330 780 3393 id
795 3330 934 3394 charitas
948 3336 1082 3415 propter
1097 3329 1206 3395 Deum

181 3464 236 3505 eos
251 3441 398 3520 moverit,
413 3452 493 3504 tunc
509 3463 562 3504 cas
577 3441 784 3526 elargiantur.

139 3555 157 3630 7
182 3551 390 3637 Omneaqui
408 3551 469 3615 sub
486 3552 682 3617 Obedientia
704 3564 780 3617 sunt
797 3552 978 3632 societatis,
999 3551 1206 3616 meminerint

16 2168 33 2234 't

181 3687 215 3729 se
231 3665 330 3750 gratis
346 3665 421 3728 dare
437 3663 564 3744 debere,
580 3688 652 3750 quae
668 3667 767 3751 gratis
790 3676 995 3751 acceperunt,
1010 3685 1071 3727 uec
1093 3677 1206 3749 postu-

180 3776 290 3855 lando,
300 3798 360 3839 nec
376 3775 577 3840 admittendo
593 3777 862 3863 stipendium,ch
878 3776 1098 3860 eleemosynas
1113 3776 1206 3856 ullas,

182 3887 301 3970 quibus
328 3861 446 3966 misbae,
470 3887 521 3950 vel
547 3888 775 3965 confessiones,
799 3887 851 3951 vel
871 3885 1131 3972 praedicationes,
1158 3888 1206 3952 vcl

181 3998 347 4079 lectiones,
362 4000 413 4064 vel
434 3999 645 4079 visitationes,
659 4000 711 4065 vel
733 4000 869 4084 quodvis
892 3999 979 4063 aliud
1001 3999 1146 4063 officium
1168 4022 1206 4064 ex

180 4113 230 4191 iis,
261 4135 334 4199 quae
366 4113 509 4178 Societas
543 4113 637 4201 juxta
663 4121 810 4178 nostrum
838 4113 1032 4178 institutum
1059 4135 1206 4179 exercere
