2646 4732
450 344 542 388 Pales
566 344 723 389 oc'rAVA.

133 571 180 613 DE
198 570 301 614 MODO
318 570 648 630 DELIBERA'I'IONIS,
665 571 743 615 CUM
760 572 809 615 DE
828 572 1038 617 stramonia

393 682 607 726 GENERALIS
626 683 778 727 AGITUR·

497 799 596 865 CAP.
619 801 679 864 Vl.

67 945 82 1001 l
108 938 146 1002 Sr
172 949 352 1002 conventus
376 938 519 1003 indictus
546 950 596 1003 est
626 940 668 1002 ad
697 940 774 1004 novi
799 939 980 1025 Praepositi,
1013 940 1070 1026 qui
1099 942 1134 1004 in

107 1050 267 1114 demortui
281 1050 390 1114 locum
406 1052 569 1130 succedat,
584 1051 775 1116 electionem
785 1078 795 1131 3
827 1052 924 1116 simul
946 1065 1043 1138 atque
1066 1076 1134 1117 om-

107 1187 164 1229 nes
187 1165 409 1245 convenerint,
435 1165 584 1229 Vicarius
612 1166 781 1230 Generalis
806 1178 947 1251 quatuor
970 1167 1039 1231 dies
1059 1179 1134 1232 ante

109 1276 277 1362 Praepositi
292 1277 394 1341 futuri
410 1277 600 1342 electionem
616 1278 655 1341 de
672 1278 784 1342 eadem
807 1301 920 1342 omnes
942 1279 1135 1364 alloquatur,

107 1389 317 1473 horteturque
333 1389 376 1452 ad
390 1411 472 1468 eam,
488 1401 585 1474 prout
608 1390 650 1452 ad
672 1389 777 1474 majus
793 1390 856 1454 Dei
877 1391 1081 1476 obsequium,
1103 1400 1136 1456 et

108 1499 225 1564 bonam
254 1500 424 1564 Societatis
448 1501 717 1586 gubernationem
748 1502 910 1582 convenit,
935 1503 1135 1568 faciendam:

109 1623 140 1674 et
163 1622 284 1698 praeter
308 1613 397 1676 hunc
421 1612 518 1692 diem,
542 1621 608 1676 tres
635 1624 809 1697 sequentes
832 1614 1012 1694 habebunt,
1038 1622 1076 1678 ut
1102 1637 1135 1680 sc

109 1725 178 1789 Deo
203 1726 444 1804 commendent,
471 1726 650 1810 meliusque
678 1727 894 1807 considerent,
919 1727 1070 1812 quisnam
1096 1751 1136 1792 ex

109 1839 257 1902 universa
272 1838 432 1903 Societate
449 1840 490 1903 ad
512 1839 702 1924 hujusmodi
717 1862 828 1904 curam
844 1842 983 1905 maxime
998 1842 1135 1906 idoneus

109 1948 149 2014 sit
165 1950 318 2032 futurus3
352 1962 385 2014 et
409 1973 447 2015 eo
468 1962 613 2036 tempore
640 1951 791 2015 certiores
813 1952 905 2015 reddi
926 1953 965 2017 de
988 1952 1037 2032 iis,
1062 1976 1135 2038 quae

109 2061 242 2125 adrem
267 2062 444 2148 pertinent,
470 2063 510 2126 ab
537 2063 611 2142 illis,
638 2063 695 2147 qui
718 2063 802 2127 bene
832 2071 988 2148 poterunt
1008 2064 1136 2144 referre,

108 2185 241 2237 curent:
264 2175 368 2239 donec
391 2186 501 2238 tamen
523 2175 750 2260 ingrediantur
770 2175 879 2239 locum
903 2174 1080 2253 electionis,
1103 2183 1135 2239 et

107 2284 140 2348 in
157 2307 232 2349 eum
255 2286 475 2365 includantur,
500 2309 566 2350 non
593 2287 750 2350 definiant
775 2287 863 2371 apud
881 2308 926 2366 se,
951 2308 1048 2370 quem
1070 2286 1136 2350 sint

110 2397 249 2462 electuri.

73 2515 89 2570 t
111 2509 181 2573 Hoc
196 2508 304 2574 medio
320 2520 464 2594 tempore
488 2511 713 2594 unusquisque
729 2510 791 2574 sub
807 2532 904 2595 poena
915 2511 1135 2575 excommuni-

109 2620 243 2685 cationis
259 2620 334 2684 latae
349 2619 519 2685 sententiae
539 2633 688 2685 teneatur
703 2621 831 2685 Vicario
854 2622 1070 2702 manifestare,
1085 2623 1136 2687 vel

109 2731 201 2796 alicui
221 2755 260 2796 ex
283 2732 520 2820 antiquioribus
537 2734 693 2797 Professis
719 2734 885 2818 (quicum
908 2734 1036 2799 Vicario
1059 2757 1137 2798 con-

108 2844 197 2927 feret)
217 2843 244 2907 si
260 2844 356 2908 sciret
378 2844 518 2929 aliquem
540 2845 603 2909 hoc
624 2867 745 2908 munus
768 2845 945 2926 affectasse,
967 2847 1018 2911 vel
1040 2845 1136 2909 etiam

110 2968 187 3020 tunc
208 2957 368 3037 affectare,
392 2956 512 3020 directe
531 2969 587 3020 aut
611 2957 767 3021 indirecte
792 2957 826 3021 id
851 2958 1066 3043 procurando,
1086 2957 1138 3022 vel

111 3069 201 3156 signo
229 3069 337 3155 aliquo
364 3070 399 3134 id
424 3070 627 3134 declarando.
674 3070 741 3137 Qui
764 3083 873 3135 autem
894 3071 934 3133 de
961 3070 1137 3134 ambitione

110 3182 299 3269 hujusmodi
325 3183 493 3248 convictus
518 3195 614 3263 esset,
641 3183 746 3248 activo
773 3194 805 3247 et
831 3182 959 3268 passivo
984 3181 1137 3267 suffragio

109 3296 263 3380 privetur,
286 3296 402 3380 utqui
425 3317 485 3360 nec
508 3297 550 3359 ad
572 3295 758 3381 eligendum
781 3295 891 3375 alium,
918 3316 988 3373 nec,
1008 3304 1046 3356 ut
1067 3293 1136 3378 ipsc

109 3409 262 3494 elegatur,
278 3408 321 3472 sit
335 3408 494 3488 idoneus3
516 3409 604 3472 unde
620 3409 730 3472 necin
746 3430 817 3472 eam
830 3405 1136 3493 Congregationcm,

110 3522 217 3585 necin
232 3521 328 3586 aliam
344 3543 490 3606 unquam
505 3520 633 3584 admitti
648 3520 763 3606 possit.

75 3637 91 3694 3
112 3631 186 3717 Ipso
203 3633 254 3697 die
276 3633 453 3714 electionis,
469 3633 525 3718 qui
548 3634 608 3696 hos
631 3640 697 3696 tres
721 3632 789 3695 dies
813 3643 1039 3716 consequetur,
1055 3629 1137 3693 cele-

111 3743 179 3808 bret
203 3744 320 3829 aliquis
351 3745 485 3810 missam
515 3746 554 3809 de
586 3744 711 3830 Spiritu
741 3753 865 3822 sancto,
896 3765 994 3827 quam
1024 3764 1136 3806 omnes

113 3857 252 3938 audiant,
275 3880 312 3922 ac
334 3858 370 3921 in
394 3859 506 3922 eadem
530 3858 770 3922 sanctissimum
795 3856 919 3920 Christi
942 3878 1060 3941 corpus
1084 3877 1138 3919 su·

114 3981 209 4034 mant.

82 4084 98 4140 4
117 4079 323 4147 Postmodum
340 4082 382 4146 ad
394 4105 559 4168 campanae
575 4084 718 4168 pulsum,
731 4080 788 4165 qui
804 4078 993 4163 suffragium
1004 4079 1137 4158 habent,
