<?xml version="1.0" encoding="UTF-8"?>
<!DOCTYPE html PUBLIC "-//W3C//DTD XHTML 1.0 Transitional//EN"
    "http://www.w3.org/TR/xhtml1/DTD/xhtml1-transitional.dtd">
<html xmlns="http://www.w3.org/1999/xhtml" xml:lang="en" lang="en">
 <head>
  <title>
</title>
<meta http-equiv="Content-Type" content="text/html;charset=utf-8" />
  <meta name='ocr-system' content='tesseract 3.04.00' />
  <meta name='ocr-capabilities' content='ocr_page ocr_carea ocr_par ocr_line ocrx_word'/>
</head>
<body>
  <div class='ocr_page' id='page_1' title='image "./constitutioness00unkngoog_0116.png"; bbox 0 0 2646 4732; ppageno 0'>
   <div class='ocr_carea' id='block_1_1' title="bbox 499 336 1174 393">
    <p class='ocr_par' dir='ltr' id='par_1_1' title="bbox 499 336 1174 393">
     <span class='ocr_line' id='line_1_1' title="bbox 499 336 1174 393; baseline 0.004 -3"><span class='ocrx_word' id='word_1_1' title='bbox 499 349 591 391; x_wconf 74' lang='lat' dir='ltr'>raus</span> <span class='ocrx_word' id='word_1_2' title='bbox 616 349 772 392; x_wconf 75' lang='lat' dir='ltr'>ocrAvs.</span> <span class='ocrx_word' id='word_1_3' title='bbox 1115 336 1174 393; x_wconf 81' lang='lat'>103</span> 
     </span>
    </p>
   </div>
   <div class='ocr_carea' id='block_1_2' title="bbox 126 513 1178 3289">
    <p class='ocr_par' dir='ltr' id='par_1_2' title="bbox 160 513 1175 801">
     <span class='ocr_line' id='line_1_2' title="bbox 160 513 1175 599; baseline 0.002 -23"><span class='ocrx_word' id='word_1_4' title='bbox 160 525 216 576; x_wconf 89' lang='lat' dir='ltr'>tam</span> <span class='ocrx_word' id='word_1_5' title='bbox 231 513 264 576; x_wconf 90' lang='lat' dir='ltr'>in</span> <span class='ocrx_word' id='word_1_6' title='bbox 280 513 386 577; x_wconf 89' lang='lat' dir='ltr'>medio</span> <span class='ocrx_word' id='word_1_7' title='bbox 402 513 585 598; x_wconf 88' lang='lat' dir='ltr'>relinquent</span> <span class='ocrx_word' id='word_1_8' title='bbox 598 540 608 593; x_wconf 83' lang='lat'>3</span> <span class='ocrx_word' id='word_1_9' title='bbox 635 521 673 576; x_wconf 91' lang='lat' dir='ltr'>ut</span> <span class='ocrx_word' id='word_1_10' title='bbox 688 514 772 598; x_wconf 81' lang='lat' dir='ltr'>siqui</span> <span class='ocrx_word' id='word_1_11' title='bbox 787 513 898 591; x_wconf 89' lang='lat' dir='ltr'>velint,</span> <span class='ocrx_word' id='word_1_12' title='bbox 914 535 984 576; x_wconf 88' lang='lat' dir='ltr'>eam</span> <span class='ocrx_word' id='word_1_13' title='bbox 1006 514 1127 599; x_wconf 88' lang='lat' dir='ltr'>legant,</span> <span class='ocrx_word' id='word_1_14' title='bbox 1143 526 1175 578; x_wconf 94' lang='lat' dir='ltr'>et</span> 
     </span>
     <span class='ocr_line' id='line_1_3' title="bbox 160 626 1175 711; baseline -0.001 -21"><span class='ocrx_word' id='word_1_15' title='bbox 160 627 237 710; x_wconf 90' lang='lat' dir='ltr'>quod</span> <span class='ocrx_word' id='word_1_16' title='bbox 259 649 297 690; x_wconf 91' lang='lat' dir='ltr'>ea</span> <span class='ocrx_word' id='word_1_17' title='bbox 320 627 360 690; x_wconf 88' lang='lat' dir='ltr'>de</span> <span class='ocrx_word' id='word_1_18' title='bbox 383 649 417 690; x_wconf 88' lang='lat' dir='ltr'>re</span> <span class='ocrx_word' id='word_1_19' title='bbox 445 626 601 705; x_wconf 87' lang='lat' dir='ltr'>sentiunt,</span> <span class='ocrx_word' id='word_1_20' title='bbox 619 626 653 689; x_wconf 91' lang='lat' dir='ltr'>in</span> <span class='ocrx_word' id='word_1_21' title='bbox 675 626 823 710; x_wconf 83' lang='lat' dir='ltr'>sequenti</span> <span class='ocrx_word' id='word_1_22' title='bbox 845 626 1104 711; x_wconf 74' lang='lat' dir='ltr'>congregatione</span> <span class='ocrx_word' id='word_1_23' title='bbox 1127 627 1175 691; x_wconf 92' lang='lat' dir='ltr'>di-</span> 
     </span>
     <span class='ocr_line' id='line_1_4' title="bbox 160 749 236 801; baseline 0.013 -1"><span class='ocrx_word' id='word_1_24' title='bbox 160 749 236 801; x_wconf 90' lang='lat' dir='ltr'>cant.</span> 
     </span>
    </p>

    <p class='ocr_par' dir='ltr' id='par_1_3' title="bbox 126 847 1177 2032">
     <span class='ocr_line' id='line_1_5' title="bbox 126 847 1175 934; baseline 0.001 -23"><span class='ocrx_word' id='word_1_25' title='bbox 126 855 142 910; x_wconf 88' lang='lat'>3</span> <span class='ocrx_word' id='word_1_26' title='bbox 160 848 259 911; x_wconf 89' lang='lat' dir='ltr'>Rebus</span> <span class='ocrx_word' id='word_1_27' title='bbox 275 847 405 932; x_wconf 82' lang='lat' dir='ltr'>agitatis</span> <span class='ocrx_word' id='word_1_28' title='bbox 420 848 497 911; x_wconf 90' lang='lat' dir='ltr'>hine</span> <span class='ocrx_word' id='word_1_29' title='bbox 512 848 588 911; x_wconf 90' lang='lat' dir='ltr'>inde</span> <span class='ocrx_word' id='word_1_30' title='bbox 604 848 637 910; x_wconf 90' lang='lat' dir='ltr'>in</span> <span class='ocrx_word' id='word_1_31' title='bbox 659 871 735 926; x_wconf 88' lang='lat' dir='ltr'>una,</span> <span class='ocrx_word' id='word_1_32' title='bbox 751 849 802 911; x_wconf 90' lang='lat' dir='ltr'>vel</span> <span class='ocrx_word' id='word_1_33' title='bbox 824 848 973 933; x_wconf 90' lang='lat' dir='ltr'>pluribus</span> <span class='ocrx_word' id='word_1_34' title='bbox 990 848 1175 934; x_wconf 86' lang='lat' dir='ltr'>Congrega-</span> 
     </span>
     <span class='ocr_line' id='line_1_6' title="bbox 160 959 1177 1045; baseline 0.001 -22"><span class='ocrx_word' id='word_1_35' title='bbox 160 959 304 1038; x_wconf 76' lang='lat' dir='ltr'>tionibuS,</span> <span class='ocrx_word' id='word_1_36' title='bbox 321 959 348 1023; x_wconf 89' lang='lat' dir='ltr'>si</span> <span class='ocrx_word' id='word_1_37' title='bbox 368 959 449 1023; x_wconf 92' lang='lat' dir='ltr'>nihil</span> <span class='ocrx_word' id='word_1_38' title='bbox 470 960 640 1024; x_wconf 70' lang='lat' dir='ltr'>manifeste</span> <span class='ocrx_word' id='word_1_39' title='bbox 662 959 697 1022; x_wconf 89' lang='lat' dir='ltr'>in</span> <span class='ocrx_word' id='word_1_40' title='bbox 718 960 850 1023; x_wconf 91' lang='lat' dir='ltr'>alteram</span> <span class='ocrx_word' id='word_1_41' title='bbox 872 970 998 1045; x_wconf 91' lang='lat' dir='ltr'>partem</span> <span class='ocrx_word' id='word_1_42' title='bbox 1021 959 1177 1024; x_wconf 91' lang='lat' dir='ltr'>constitui</span> 
     </span>
     <span class='ocr_line' id='line_1_7' title="bbox 158 1071 1176 1151; baseline 0.002 -17"><span class='ocrx_word' id='word_1_43' title='bbox 158 1072 331 1151; x_wconf 82' lang='lat' dir='ltr'>videretur3</span> <span class='ocrx_word' id='word_1_44' title='bbox 354 1072 519 1136; x_wconf 90' lang='lat' dir='ltr'>communi</span> <span class='ocrx_word' id='word_1_45' title='bbox 539 1071 697 1150; x_wconf 89' lang='lat' dir='ltr'>omnium,</span> <span class='ocrx_word' id='word_1_46' title='bbox 712 1072 763 1135; x_wconf 89' lang='lat' dir='ltr'>vel</span> <span class='ocrx_word' id='word_1_47' title='bbox 785 1072 850 1135; x_wconf 73' lang='lat' dir='ltr'>fere</span> <span class='ocrx_word' id='word_1_48' title='bbox 874 1072 1019 1135; x_wconf 90' lang='lat' dir='ltr'>omnium</span> <span class='ocrx_word' id='word_1_49' title='bbox 1042 1094 1176 1136; x_wconf 85' lang='lat' dir='ltr'>assensu</span> 
     </span>
     <span class='ocr_line' id='line_1_8' title="bbox 159 1183 1176 1268; baseline 0.001 -22"><span class='ocrx_word' id='word_1_50' title='bbox 159 1191 297 1268; x_wconf 88' lang='lat' dir='ltr'>quatuor,</span> <span class='ocrx_word' id='word_1_51' title='bbox 313 1183 369 1267; x_wconf 92' lang='lat' dir='ltr'>qui</span> <span class='ocrx_word' id='word_1_52' title='bbox 389 1183 556 1262; x_wconf 88' lang='lat' dir='ltr'>definiant,</span> <span class='ocrx_word' id='word_1_53' title='bbox 583 1206 623 1248; x_wconf 85' lang='lat' dir='ltr'>ex</span> <span class='ocrx_word' id='word_1_54' title='bbox 649 1184 705 1263; x_wconf 90' lang='lat' dir='ltr'>eis,</span> <span class='ocrx_word' id='word_1_55' title='bbox 721 1184 777 1268; x_wconf 92' lang='lat' dir='ltr'>qui</span> <span class='ocrx_word' id='word_1_56' title='bbox 801 1183 964 1248; x_wconf 88' lang='lat' dir='ltr'>intersunt</span> <span class='ocrx_word' id='word_1_57' title='bbox 991 1185 1176 1264; x_wconf 89' lang='lat' dir='ltr'>conventui,</span> 
     </span>
     <span class='ocr_line' id='line_1_9' title="bbox 159 1294 1176 1380; baseline 0.003 -22"><span class='ocrx_word' id='word_1_58' title='bbox 159 1308 184 1358; x_wconf 87' lang='lat' dir='ltr'>et</span> <span class='ocrx_word' id='word_1_59' title='bbox 197 1296 229 1359; x_wconf 92' lang='lat' dir='ltr'>in</span> <span class='ocrx_word' id='word_1_60' title='bbox 245 1318 283 1360; x_wconf 89' lang='lat' dir='ltr'>eo</span> <span class='ocrx_word' id='word_1_61' title='bbox 300 1294 357 1380; x_wconf 87' lang='lat' dir='ltr'>jus</span> <span class='ocrx_word' id='word_1_62' title='bbox 378 1296 500 1360; x_wconf 88' lang='lat' dir='ltr'>habent</span> <span class='ocrx_word' id='word_1_63' title='bbox 523 1295 677 1380; x_wconf 87' lang='lat' dir='ltr'>suffragii,</span> <span class='ocrx_word' id='word_1_64' title='bbox 692 1296 835 1380; x_wconf 90' lang='lat' dir='ltr'>plurium</span> <span class='ocrx_word' id='word_1_65' title='bbox 859 1296 1027 1360; x_wconf 84' lang='lat' dir='ltr'>sententiis</span> <span class='ocrx_word' id='word_1_66' title='bbox 1046 1296 1176 1380; x_wconf 88' lang='lat' dir='ltr'>(quibus</span> 
     </span>
     <span class='ocr_line' id='line_1_10' title="bbox 159 1407 1175 1494; baseline 0.001 -23"><span class='ocrx_word' id='word_1_67' title='bbox 159 1407 203 1470; x_wconf 91' lang='lat' dir='ltr'>alii</span> <span class='ocrx_word' id='word_1_68' title='bbox 216 1430 250 1472; x_wconf 90' lang='lat' dir='ltr'>se</span> <span class='ocrx_word' id='word_1_69' title='bbox 266 1419 350 1472; x_wconf 90' lang='lat' dir='ltr'>stare</span> <span class='ocrx_word' id='word_1_70' title='bbox 365 1408 446 1473; x_wconf 88' lang='lat' dir='ltr'>velle</span> <span class='ocrx_word' id='word_1_71' title='bbox 465 1408 668 1494; x_wconf 85' lang='lat' dir='ltr'>promittant)</span> <span class='ocrx_word' id='word_1_72' title='bbox 687 1408 859 1493; x_wconf 84' lang='lat' dir='ltr'>eligantur,</span> <span class='ocrx_word' id='word_1_73' title='bbox 876 1409 932 1492; x_wconf 93' lang='lat' dir='ltr'>qui</span> <span class='ocrx_word' id='word_1_74' title='bbox 948 1409 1074 1492; x_wconf 90' lang='lat' dir='ltr'>quoties</span> <span class='ocrx_word' id='word_1_75' title='bbox 1090 1431 1175 1494; x_wconf 93' lang='lat' dir='ltr'>opus</span> 
     </span>
     <span class='ocr_line' id='line_1_11' title="bbox 160 1498 1176 1605; baseline 0.003 -23"><span class='ocrx_word' id='word_1_76' title='bbox 160 1519 256 1600; x_wconf 89' lang='lat' dir='ltr'>luerit,</span> <span class='ocrx_word' id='word_1_77' title='bbox 272 1542 348 1583; x_wconf 92' lang='lat' dir='ltr'>cum</span> <span class='ocrx_word' id='word_1_78' title='bbox 365 1519 543 1605; x_wconf 77' lang='lat' dir='ltr'>Praeposito</span> <span class='ocrx_word' id='word_1_79' title='bbox 560 1519 713 1584; x_wconf 87' lang='lat' dir='ltr'>Generali</span> <span class='ocrx_word' id='word_1_80' title='bbox 736 1520 922 1605; x_wconf 87' lang='lat' dir='ltr'>congregati</span> <span class='ocrx_word' id='word_1_81' title='bbox 945 1498 1053 1585; x_wconf 90' lang='lat' dir='ltr'>omnia</span> <span class='ocrx_word' id='word_1_82' title='bbox 1073 1544 1120 1602; x_wconf 91' lang='lat' dir='ltr'>ea,</span> <span class='ocrx_word' id='word_1_83' title='bbox 1136 1522 1176 1585; x_wconf 90' lang='lat' dir='ltr'>de</span> 
     </span>
     <span class='ocr_line' id='line_1_12' title="bbox 160 1629 1174 1717; baseline 0.003 -23"><span class='ocrx_word' id='word_1_84' title='bbox 160 1631 267 1714; x_wconf 88' lang='lat' dir='ltr'>quibus</span> <span class='ocrx_word' id='word_1_85' title='bbox 282 1632 401 1717; x_wconf 90' lang='lat' dir='ltr'>agitur,</span> <span class='ocrx_word' id='word_1_86' title='bbox 417 1629 577 1697; x_wconf 81' lang='lat' dir='ltr'>decident.</span> <span class='ocrx_word' id='word_1_87' title='bbox 623 1632 723 1698; x_wconf 72' lang='lat' dir='ltr'>Quod</span> <span class='ocrx_word' id='word_1_88' title='bbox 747 1632 774 1695; x_wconf 88' lang='lat' dir='ltr'>si</span> <span class='ocrx_word' id='word_1_89' title='bbox 797 1654 911 1695; x_wconf 90' lang='lat' dir='ltr'>omnes</span> <span class='ocrx_word' id='word_1_90' title='bbox 932 1631 1078 1717; x_wconf 87' lang='lat' dir='ltr'>ejusdem</span> <span class='ocrx_word' id='word_1_91' title='bbox 1101 1655 1174 1698; x_wconf 89' lang='lat' dir='ltr'>sen-</span> 
     </span>
     <span class='ocr_line' id='line_1_13' title="bbox 160 1723 1172 1830; baseline 0.003 -26"><span class='ocrx_word' id='word_1_92' title='bbox 160 1743 258 1807; x_wconf 89' lang='lat' dir='ltr'>tentiae</span> <span class='ocrx_word' id='word_1_93' title='bbox 273 1766 341 1807; x_wconf 93' lang='lat' dir='ltr'>non</span> <span class='ocrx_word' id='word_1_94' title='bbox 356 1743 476 1807; x_wconf 85' lang='lat' dir='ltr'>fuerint</span> <span class='ocrx_word' id='word_1_95' title='bbox 485 1769 494 1823; x_wconf 86' lang='lat'>3</span> <span class='ocrx_word' id='word_1_96' title='bbox 518 1765 582 1828; x_wconf 93' lang='lat' dir='ltr'>quo</span> <span class='ocrx_word' id='word_1_97' title='bbox 598 1723 709 1828; x_wconf 84' lang='lat' dir='ltr'>verget</span> <span class='ocrx_word' id='word_1_98' title='bbox 724 1743 826 1828; x_wconf 89' lang='lat' dir='ltr'>major</span> <span class='ocrx_word' id='word_1_99' title='bbox 840 1766 926 1830; x_wconf 88' lang='lat' dir='ltr'>pars,</span> <span class='ocrx_word' id='word_1_100' title='bbox 942 1744 977 1806; x_wconf 92' lang='lat' dir='ltr'>id</span> <span class='ocrx_word' id='word_1_101' title='bbox 998 1744 1172 1829; x_wconf 85' lang='lat' dir='ltr'>praefereu-</span> 
     </span>
     <span class='ocr_line' id='line_1_14' title="bbox 160 1854 1175 1940; baseline 0.005 -24"><span class='ocrx_word' id='word_1_102' title='bbox 160 1854 237 1935; x_wconf 90' lang='lat' dir='ltr'>dum,</span> <span class='ocrx_word' id='word_1_103' title='bbox 252 1867 285 1918; x_wconf 91' lang='lat' dir='ltr'>et</span> <span class='ocrx_word' id='word_1_104' title='bbox 301 1877 321 1918; x_wconf 90' lang='lat' dir='ltr'>a</span> <span class='ocrx_word' id='word_1_105' title='bbox 335 1864 404 1919; x_wconf 88' lang='lat' dir='ltr'>tota</span> <span class='ocrx_word' id='word_1_106' title='bbox 420 1855 679 1940; x_wconf 88' lang='lat' dir='ltr'>Congregatione</span> <span class='ocrx_word' id='word_1_107' title='bbox 694 1866 732 1918; x_wconf 92' lang='lat' dir='ltr'>ut</span> <span class='ocrx_word' id='word_1_108' title='bbox 754 1858 792 1920; x_wconf 87' lang='lat' dir='ltr'>de</span> <span class='ocrx_word' id='word_1_109' title='bbox 806 1877 900 1919; x_wconf 81' lang='lat' dir='ltr'>manu</span> <span class='ocrx_word' id='word_1_110' title='bbox 915 1857 1043 1920; x_wconf 81' lang='lat' dir='ltr'>Domini</span> <span class='ocrx_word' id='word_1_111' title='bbox 1059 1856 1175 1921; x_wconf 91' lang='lat' dir='ltr'>admit-</span> 
     </span>
     <span class='ocr_line' id='line_1_15' title="bbox 160 1967 373 2032; baseline 0.023 -6"><span class='ocrx_word' id='word_1_112' title='bbox 160 1967 285 2031; x_wconf 89' lang='lat' dir='ltr'>tendum</span> <span class='ocrx_word' id='word_1_113' title='bbox 302 1967 373 2032; x_wconf 89' lang='lat' dir='ltr'>erit.</span> 
     </span>
    </p>

    <p class='ocr_par' dir='ltr' id='par_1_4' title="bbox 129 2062 1177 2950">
     <span class='ocr_line' id='line_1_16' title="bbox 129 2062 1174 2164; baseline 0.001 -24"><span class='ocrx_word' id='word_1_114' title='bbox 129 2062 144 2135; x_wconf 74' lang='lat' dir='ltr'>l</span> <span class='ocrx_word' id='word_1_115' title='bbox 160 2075 189 2140; x_wconf 77' lang='lat' dir='ltr'>si</span> <span class='ocrx_word' id='word_1_116' title='bbox 202 2077 398 2164; x_wconf 85' lang='lat' dir='ltr'>Praepositus</span> <span class='ocrx_word' id='word_1_117' title='bbox 412 2079 591 2158; x_wconf 81' lang='lat' dir='ltr'>Generalis,</span> <span class='ocrx_word' id='word_1_118' title='bbox 603 2101 669 2142; x_wconf 92' lang='lat' dir='ltr'>non</span> <span class='ocrx_word' id='word_1_119' title='bbox 685 2079 745 2142; x_wconf 90' lang='lat' dir='ltr'>erit</span> <span class='ocrx_word' id='word_1_120' title='bbox 761 2100 799 2142; x_wconf 88' lang='lat' dir='ltr'>ea</span> <span class='ocrx_word' id='word_1_121' title='bbox 812 2078 1005 2142; x_wconf 88' lang='lat' dir='ltr'>habitudine</span> <span class='ocrx_word' id='word_1_122' title='bbox 1019 2078 1174 2163; x_wconf 74' lang='lat' dir='ltr'>eorporis,</span> 
     </span>
     <span class='ocr_line' id='line_1_17' title="bbox 159 2191 1177 2275; baseline 0.003 -24"><span class='ocrx_word' id='word_1_123' title='bbox 159 2196 189 2252; x_wconf 90' lang='lat' dir='ltr'>ut</span> <span class='ocrx_word' id='word_1_124' title='bbox 210 2191 314 2275; x_wconf 88' lang='lat' dir='ltr'>possit</span> <span class='ocrx_word' id='word_1_125' title='bbox 339 2191 436 2255; x_wconf 90' lang='lat' dir='ltr'>rebus</span> <span class='ocrx_word' id='word_1_126' title='bbox 467 2191 618 2256; x_wconf 90' lang='lat' dir='ltr'>omnibus</span> <span class='ocrx_word' id='word_1_127' title='bbox 649 2191 826 2255; x_wconf 85' lang='lat' dir='ltr'>tractandis</span> <span class='ocrx_word' id='word_1_128' title='bbox 855 2191 1011 2255; x_wconf 90' lang='lat' dir='ltr'>interesse</span> <span class='ocrx_word' id='word_1_129' title='bbox 1022 2215 1032 2269; x_wconf 82' lang='lat'><em>3</em></span> <span class='ocrx_word' id='word_1_130' title='bbox 1064 2201 1177 2275; x_wconf 87' lang='lat' dir='ltr'>posset</span> 
     </span>
     <span class='ocr_line' id='line_1_18' title="bbox 160 2299 1175 2387; baseline 0 -23"><span class='ocrx_word' id='word_1_131' title='bbox 160 2299 247 2366; x_wconf 86' lang='lat' dir='ltr'>alium</span> <span class='ocrx_word' id='word_1_132' title='bbox 269 2325 329 2367; x_wconf 88' lang='lat' dir='ltr'>suo</span> <span class='ocrx_word' id='word_1_133' title='bbox 354 2303 426 2368; x_wconf 93' lang='lat' dir='ltr'>loco</span> <span class='ocrx_word' id='word_1_134' title='bbox 451 2303 665 2382; x_wconf 78' lang='lat' dir='ltr'>substituere3</span> <span class='ocrx_word' id='word_1_135' title='bbox 697 2314 730 2366; x_wconf 88' lang='lat' dir='ltr'>et</span> <span class='ocrx_word' id='word_1_136' title='bbox 754 2302 800 2366; x_wconf 89' lang='lat' dir='ltr'>sic</span> <span class='ocrx_word' id='word_1_137' title='bbox 824 2302 999 2387; x_wconf 86' lang='lat' dir='ltr'>sigillatim,</span> <span class='ocrx_word' id='word_1_138' title='bbox 1023 2301 1175 2365; x_wconf 90' lang='lat' dir='ltr'>omnibus</span> 
     </span>
     <span class='ocr_line' id='line_1_19' title="bbox 159 2412 1177 2501; baseline 0 -25"><span class='ocrx_word' id='word_1_139' title='bbox 159 2413 246 2479; x_wconf 87' lang='lat' dir='ltr'>rebus</span> <span class='ocrx_word' id='word_1_140' title='bbox 260 2415 458 2494; x_wconf 63' lang='lat' dir='ltr'>constitutis</span> <span class='ocrx_word' id='word_1_141' title='bbox 472 2426 571 2501; x_wconf 91' lang='lat' dir='ltr'>prout</span> <span class='ocrx_word' id='word_1_142' title='bbox 593 2414 707 2500; x_wconf 87' lang='lat' dir='ltr'>majori</span> <span class='ocrx_word' id='word_1_143' title='bbox 728 2414 814 2500; x_wconf 90' lang='lat' dir='ltr'>parti</span> <span class='ocrx_word' id='word_1_144' title='bbox 836 2414 943 2478; x_wconf 89' lang='lat' dir='ltr'>visum</span> <span class='ocrx_word' id='word_1_145' title='bbox 964 2412 1072 2492; x_wconf 89' lang='lat' dir='ltr'>fuerit,</span> <span class='ocrx_word' id='word_1_146' title='bbox 1088 2413 1177 2498; x_wconf 90' lang='lat' dir='ltr'>quod</span> 
     </span>
     <span class='ocr_line' id='line_1_20' title="bbox 159 2525 1176 2612; baseline 0.001 -23"><span class='ocrx_word' id='word_1_147' title='bbox 159 2525 314 2592; x_wconf 89' lang='lat' dir='ltr'>decretum</span> <span class='ocrx_word' id='word_1_148' title='bbox 330 2539 390 2607; x_wconf 87' lang='lat' dir='ltr'>est,</span> <span class='ocrx_word' id='word_1_149' title='bbox 406 2528 576 2608; x_wconf 87' lang='lat' dir='ltr'>scribetur,</span> <span class='ocrx_word' id='word_1_150' title='bbox 592 2539 624 2592; x_wconf 92' lang='lat' dir='ltr'>et</span> <span class='ocrx_word' id='word_1_151' title='bbox 640 2528 674 2591; x_wconf 92' lang='lat' dir='ltr'>in</span> <span class='ocrx_word' id='word_1_152' title='bbox 695 2528 793 2612; x_wconf 89' lang='lat' dir='ltr'>plena</span> <span class='ocrx_word' id='word_1_153' title='bbox 808 2526 1067 2611; x_wconf 83' lang='lat' dir='ltr'>Congregatione</span> <span class='ocrx_word' id='word_1_154' title='bbox 1089 2525 1176 2611; x_wconf 91' lang='lat' dir='ltr'>lege-</span> 
     </span>
     <span class='ocr_line' id='line_1_21' title="bbox 158 2636 1176 2724; baseline 0.002 -22"><span class='ocrx_word' id='word_1_155' title='bbox 158 2647 204 2702; x_wconf 90' lang='lat' dir='ltr'>tur</span> <span class='ocrx_word' id='word_1_156' title='bbox 210 2665 221 2720; x_wconf 84' lang='lat'>3</span> <span class='ocrx_word' id='word_1_157' title='bbox 241 2652 285 2720; x_wconf 89' lang='lat' dir='ltr'>et,</span> <span class='ocrx_word' id='word_1_158' title='bbox 301 2639 329 2704; x_wconf 90' lang='lat' dir='ltr'>si</span> <span class='ocrx_word' id='word_1_159' title='bbox 344 2640 441 2704; x_wconf 91' lang='lat' dir='ltr'>etiam</span> <span class='ocrx_word' id='word_1_160' title='bbox 456 2652 537 2704; x_wconf 87' lang='lat' dir='ltr'>tunc</span> <span class='ocrx_word' id='word_1_161' title='bbox 552 2640 647 2704; x_wconf 87' lang='lat' dir='ltr'>alicui</span> <span class='ocrx_word' id='word_1_162' title='bbox 667 2640 773 2704; x_wconf 81' lang='lat' dir='ltr'>visum</span> <span class='ocrx_word' id='word_1_163' title='bbox 785 2639 903 2717; x_wconf 68' lang='lat' dir='ltr'>luerit,</span> <span class='ocrx_word' id='word_1_164' title='bbox 925 2639 1005 2724; x_wconf 91' lang='lat' dir='ltr'>quid</span> <span class='ocrx_word' id='word_1_165' title='bbox 1027 2661 1065 2703; x_wconf 91' lang='lat' dir='ltr'>ea</span> <span class='ocrx_word' id='word_1_166' title='bbox 1085 2636 1120 2702; x_wconf 90' lang='lat' dir='ltr'>in</span> <span class='ocrx_word' id='word_1_167' title='bbox 1142 2661 1176 2704; x_wconf 92' lang='lat' dir='ltr'>re</span> 
     </span>
     <span class='ocr_line' id='line_1_22' title="bbox 159 2749 1175 2832; baseline -0.001 -17"><span class='ocrx_word' id='word_1_168' title='bbox 159 2751 276 2831; x_wconf 69' lang='lat' dir='ltr'>uenat,</span> <span class='ocrx_word' id='word_1_169' title='bbox 308 2751 413 2816; x_wconf 85' lang='lat' dir='ltr'>dicere</span> <span class='ocrx_word' id='word_1_170' title='bbox 443 2752 473 2817; x_wconf 92' lang='lat' dir='ltr'>ei</span> <span class='ocrx_word' id='word_1_171' title='bbox 497 2753 627 2832; x_wconf 86' lang='lat' dir='ltr'>licebit3</span> <span class='ocrx_word' id='word_1_172' title='bbox 662 2752 720 2817; x_wconf 90' lang='lat' dir='ltr'>sed</span> <span class='ocrx_word' id='word_1_173' title='bbox 749 2753 858 2816; x_wconf 89' lang='lat' dir='ltr'>omnia</span> <span class='ocrx_word' id='word_1_174' title='bbox 887 2752 1022 2815; x_wconf 86' lang='lat' dir='ltr'>tandem</span> <span class='ocrx_word' id='word_1_175' title='bbox 1044 2749 1175 2820; x_wconf 89' lang='lat' dir='ltr'>arbitrio</span> 
     </span>
     <span class='ocr_line' id='line_1_23' title="bbox 159 2861 888 2950; baseline 0.001 -23"><span class='ocrx_word' id='word_1_176' title='bbox 159 2861 319 2950; x_wconf 87' lang='lat' dir='ltr'>Praepositi</span> <span class='ocrx_word' id='word_1_177' title='bbox 334 2887 410 2928; x_wconf 89' lang='lat' dir='ltr'>cum</span> <span class='ocrx_word' id='word_1_178' title='bbox 426 2864 663 2929; x_wconf 84' lang='lat' dir='ltr'>Definitoribus</span> <span class='ocrx_word' id='word_1_179' title='bbox 677 2865 888 2949; x_wconf 86' lang='lat' dir='ltr'>reliquentur.</span> 
     </span>
    </p>

    <p class='ocr_par' dir='ltr' id='par_1_5' title="bbox 126 2973 1178 3289">
     <span class='ocr_line' id='line_1_24' title="bbox 126 2973 1175 3063; baseline -0.001 -24"><span class='ocrx_word' id='word_1_180' title='bbox 126 2977 139 3033; x_wconf 84' lang='lat'>5</span> <span class='ocrx_word' id='word_1_181' title='bbox 159 2973 370 3042; x_wconf 70' lang='lat' dir='ltr'>consideratis</span> <span class='ocrx_word' id='word_1_182' title='bbox 397 2979 503 3042; x_wconf 92' lang='lat' dir='ltr'>denuo</span> <span class='ocrx_word' id='word_1_183' title='bbox 529 2978 603 3058; x_wconf 89' lang='lat' dir='ltr'>illis,</span> <span class='ocrx_word' id='word_1_184' title='bbox 634 3000 707 3063; x_wconf 90' lang='lat' dir='ltr'>quae</span> <span class='ocrx_word' id='word_1_185' title='bbox 737 2977 884 3041; x_wconf 84' lang='lat' dir='ltr'>discussa</span> <span class='ocrx_word' id='word_1_186' title='bbox 907 2987 996 3056; x_wconf 88' lang='lat' dir='ltr'>sunt,</span> <span class='ocrx_word' id='word_1_187' title='bbox 1020 2987 1053 3039; x_wconf 86' lang='lat' dir='ltr'>et</span> <span class='ocrx_word' id='word_1_188' title='bbox 1078 2975 1175 3040; x_wconf 85' lang='lat' dir='ltr'>ruodo</span> 
     </span>
     <span class='ocr_line' id='line_1_25' title="bbox 153 3084 1178 3169; baseline -0.002 -18"><span class='ocrx_word' id='word_1_189' title='bbox 153 3084 213 3168; x_wconf 86' lang='lat' dir='ltr'>jam</span> <span class='ocrx_word' id='word_1_190' title='bbox 227 3087 315 3153; x_wconf 90' lang='lat' dir='ltr'>dicto</span> <span class='ocrx_word' id='word_1_191' title='bbox 330 3111 460 3154; x_wconf 86' lang='lat' dir='ltr'>rursum</span> <span class='ocrx_word' id='word_1_192' title='bbox 476 3089 673 3169; x_wconf 64' lang='lat' dir='ltr'>constitutis</span> <span class='ocrx_word' id='word_1_193' title='bbox 698 3088 895 3154; x_wconf 76' lang='lat' dir='ltr'>secretarius</span> <span class='ocrx_word' id='word_1_194' title='bbox 917 3088 952 3150; x_wconf 91' lang='lat' dir='ltr'>iu</span> <span class='ocrx_word' id='word_1_195' title='bbox 974 3086 1062 3150; x_wconf 84' lang='lat' dir='ltr'>libro.</span> <span class='ocrx_word' id='word_1_196' title='bbox 1079 3086 1121 3152; x_wconf 88' lang='lat' dir='ltr'>ad</span> <span class='ocrx_word' id='word_1_197' title='bbox 1141 3084 1178 3169; x_wconf 76' lang='lat' dir='ltr'>iel.</span> 
     </span>
     <span class='ocr_line' id='line_1_26' title="bbox 156 3198 984 3289; baseline 0.005 -29"><span class='ocrx_word' id='word_1_198' title='bbox 156 3198 309 3267; x_wconf 89' lang='lat' dir='ltr'>destinato</span> <span class='ocrx_word' id='word_1_199' title='bbox 325 3224 363 3267; x_wconf 90' lang='lat' dir='ltr'>ea</span> <span class='ocrx_word' id='word_1_200' title='bbox 376 3203 588 3288; x_wconf 90' lang='lat' dir='ltr'>postmodum</span> <span class='ocrx_word' id='word_1_201' title='bbox 603 3202 840 3289; x_wconf 87' lang='lat' dir='ltr'>promulganda</span> <span class='ocrx_word' id='word_1_202' title='bbox 855 3200 984 3272; x_wconf 86' lang='lat' dir='ltr'>scribet.</span> 
     </span>
    </p>
   </div>
   <div class='ocr_carea' id='block_1_3' title="bbox 0 0 1333 4732">
    <p class='ocr_par' dir='ltr' id='par_1_6' title="bbox 0 0 1333 4732">
     <span class='ocr_line' id='line_1_27' title="bbox 0 0 1333 4732; baseline 0 0"><span class='ocrx_word' id='word_1_203' title='bbox 0 0 1333 4732; x_wconf 95' lang='lat' dir='ltr'> </span> 
     </span>
    </p>
   </div>
  </div>
 </body>
</html>
