2646 4732
81 610 100 680 h

482 335 791 387 ercnurrousnnss.
1075 315 1146 386 179

319 631 453 698 JOHN
477 631 681 699 BAPTIST
704 631 953 698 TABERNA.

255 768 395 850 synopsis
411 769 579 857 Theologioe
588 771 740 851 practica.
784 769 924 840 Coloniae,
935 773 1023 830 1736.

192 914 225 988 Si
239 915 370 1014 puellae
386 915 438 990 vis
454 915 641 1002 inferatur,
662 925 699 988 et
716 914 783 1013 ipsi
789 914 947 1013 'quidem
960 912 1146 1012 displiceat

152 1034 333 1128 fornicatio,
350 1064 422 1146 non
440 1051 562 1112 tamen
581 1037 783 1138 aggressori
795 1037 938 1111 resistat
955 1035 1145 1110 efficaciter

81 1194 85 1228 ε
144 1178 305 1266 exparte
327 1168 405 1255 sua,
425 1192 490 1240 seu
507 1176 685 1264 quantum
707 1165 765 1239 hic
788 1175 826 1238 et
849 1188 945 1238 nunc
962 1162 1146 1238 moraliter

138 1302 254 1389 potest
278 1302 316 1365 et
346 1291 465 1378 debet,
494 1289 681 1363 fornicatio
711 1286 915 1362 consebitur
940 1287 993 1361 illi
1021 1289 1145 1361 volun-

134 1414 235 1503 taria,
266 1416 396 1490 saltem
416 1415 696 1514 interpretatioi,
721 1425 759 1488 et
781 1413 945 1513 peccabit
967 1413 1145 1513 grauiter.

129 1535 172 1609 Si
199 1546 324 1611 tamen
337 1522 399 1613 xob
428 1538 570 1612 evidens
595 1536 796 1636 periculum
821 1536 1021 1637 gravissimi
1050 1537 1146 1624 mali,
1181 1547 1184 1551 ’

127 1683 161 1732 v.
175 1685 214 1759 g.
242 1659 379 1747 mortis,
407 1660 652 1760 octingentis
681 1659 850 1757 irffamicu,
879 1684 952 1732 non
978 1659 1147 1732 adhibeat

126 1783 254 1858 omnia
278 1782 426 1859 omnino
456 1783 574 1857 media
603 1808 682 1882 quae
709 1791 832 1881 potest
857 1781 903 1854 ad
933 1781 1006 1855 vim
1028 1781 1148 1880 repul-

126 1908 295 1998 sandam,
311 1908 519 2007 fornicatio
547 1932 617 1980 aaa
645 1905 878 2005 imputabitur
900 1905 959 1978 ilii
987 1905 1043 1978 ad
1058 1930 1147 2004 pec·

128 2020 262 2120 catam,
288 2031 425 2106 secluso
442 2056 617 2105 consensu
635 2029 673 2102 in
690 2029 806 2102 illam:
826 2083 884 2102 ...
904 2029 1090 2104 Ceterum
1106 2028 1145 2102 in

129 2155 238 2255 praxi
271 2165 420 2255 propter
451 2155 652 2254 periculum
690 2156 884 2228 consensus
916 2154 955 2226 in
993 2154 1148 2228 delecta·

131 2281 269 2355 tionem
302 2304 502 2366 veneream,
539 2277 646 2377 plane
677 2277 907 2363 suadendam,
945 2288 988 2351 ut
1024 2276 1147 2376 puella
1211 2372 1214 2376 ¹
1296 2287 1301 2308 '

135 2402 231 2478 omni
246 2402 354 2477 modo
370 2402 518 2502 physico
536 2426 607 2501 quo
624 2413 756 2500 potest,
772 2400 975 2499 aggressori
992 2401 1147 2488 resistat,

134 2526 245 2601 etiam
281 2527 491 2624 contempti
531 2535 647 2598 morte
685 2536 723 2600 et
757 2524 1096 2621 infamia-(Tou.
1115 2525 1145 2598 1.

138 2650 279 2726 Parsl.
310 2651 372 2725 Tr.
391 2655 422 2722 1.
449 2676 479 2723 c.
494 2654 528 2721 3.
556 2647 640 2750 §l.)

409 3009 615 3076 THOMAS
639 3008 878 3076 SANCHEZ.

139 3138 186 3206 De
212 3147 318 3206 Sancto
339 3145 522 3206 Matrimonii
547 3146 731 3207 Sacramenta
754 3145 983 3226 disputationum,
1006 3147 1149 3227 posterior

177 3238 272 3300 adaia.
314 3238 460 3318 Lugduni,
497 3245 584 3302 1769.
632 3239 829 3319 (Antverpiae,
860 3244 948 3299 1626.
999 3241 1055 3301 Ed.
1071 3240 1147 3301 0011.

176 3335 275 3414 Sion.)
357 3357 360 3362 ·

188 3483 325 3558 Utrum
346 3493 532 3557 censeatur
557 3482 827 3557 matrimonium
849 3495 1149 3574 consummatum,

139 3607 168 3681 si
197 3607 293 3681 solus
314 3608 369 3679 vir
394 3606 491 3680 intra
518 3631 581 3681 vas
606 3607 772 3680 naturale
793 3607 946 3680 foeminae
971 3608 1148 3683 seminet?

139 3729 349 3804 Communis
378 3729 557 3804 sententia
583 3731 738 3804 affirmat
766 3732 902 3805 censeri
927 3756 1148 3805 consumma·
1196 3746 1198 3750 ’

138 3864 234 3939 tum3
272 3878 387 3952 eoque
419 3855 585 3928 innititur
618 3854 864 3942 fundamento,
895 3855 993 3953 quod
1026 3881 1147 3931 semen
1188 3938 1192 3953 Ι

136 3976 343 4052 foerrrineum
360 3977 406 4050 ad
423 3977 692 4076 generationem
705 3978 942 4053 necessarium
954 4003 1026 4053 non
1040 3981 1086 4053 sit

139 4103 262 4198 (Tam.
278 4101 308 4174 Ι.
335 4100 463 4176 Liuii.
489 4101 671 4200 Dispul.
701 4103 833 4188 Quart.
848 4108 883 4174 2.
909 4101 1036 4195 a.10.)
1109 4156 1114 4165 .

616 4249 640 4297 n
659 4231 682 4297 2

1180 4306 1303 4448 Τ
