2646 4732
115 351 158 408 80
492 361 817 406 cousrrrurrouun

179 531 352 594 transitum
368 551 387 593 a
401 529 570 615 temporali
584 530 652 594 vita
666 530 708 593 ad
723 538 888 611 aeternam,
903 551 937 594 se
952 530 1089 610 muniat,
1105 540 1203 616 atque

178 641 371 705 corroboret.

135 759 154 814 2
178 752 283 817 Simul
312 774 387 816 eum
416 750 615 816 orationibus
649 753 795 817 omnium
820 753 1071 817 domesticorum
1101 753 1143 816 ad
1169 753 1203 816 id

177 863 259 928 serio
280 863 444 943 adhibitis,
465 865 568 928 donec
592 864 733 927 animam
756 886 815 928 suo
838 863 984 929 Creatori
1003 865 1130 943 reddat,
1146 864 1202 950 ju-

175 973 244 1038 vari
259 986 360 1039 curet.
404 976 450 1038 Et
464 982 582 1061 practer
597 975 687 1054 alios,
703 975 759 1059 qui
774 974 900 1060 ingredi
915 986 1065 1061 possunt,
1078 975 1201 1061 plures,

176 1097 233 1150 aut
247 1087 415 1172 pauciores
430 1109 490 1173 pro
513 1086 644 1151 arbitrio
661 1086 853 1172 Superioris,
876 1087 975 1171 aliqui
997 1087 1114 1152 delecti
1136 1087 1202 1151 sint

175 1209 303 1283 oportet
331 1197 524 1283 peculiarius
554 1208 592 1261 ut
620 1198 786 1261 infirmum
816 1197 913 1262 morti
940 1198 1127 1283 proximum
1152 1198 1201 1262 in-

175 1308 293 1387 visant,
319 1315 351 1372 et
377 1309 406 1371 ei
432 1309 595 1388 assistant,
619 1319 652 1372 et
677 1308 903 1372 animosiorem
928 1309 1076 1388 reddant,
1100 1330 1201 1393 eaque

176 1431 362 1505 suggerant,
378 1420 487 1505 eisquc
510 1419 636 1484 auxiliis
657 1418 785 1504 juvent,
801 1441 874 1503 quae
897 1442 935 1483 eo
956 1428 1103 1505 tempore
1124 1443 1202 1484 con-

173 1532 323 1596 venient:
347 1543 380 1596 et
395 1531 470 1595 cirm
487 1531 556 1617 jam
572 1532 634 1595 alia
648 1532 753 1596 officia
766 1554 883 1616 parum
898 1543 993 1595 erunt
1008 1530 1111 1612 utilia,
1126 1554 1201 1596 eum

175 1644 318 1708 Domino
339 1627 596 1723 'commendent3
628 1645 731 1707 donec
761 1643 831 1729 ejus
861 1645 1002 1708 animam
1023 1666 1042 1707 a
1067 1666 1201 1729 corpore

174 1755 393 1820 discedentem
409 1756 561 1841 dignetur
575 1756 617 1819 ad
632 1778 666 1819 se
688 1756 841 1841 recipere,
863 1756 920 1840 qui
942 1778 1013 1820 eam
1036 1766 1104 1819 tam
1126 1779 1201 1820 caro

173 1870 278 1956 pretio
294 1870 462 1956 sanguinis
478 1881 511 1934 et
526 1870 601 1934 vitae
617 1892 684 1933 suae
699 1870 846 1934 redemit.

129 1988 149 2046 3
175 1983 389 2066 Posteaquam
406 1981 479 2066 quis
494 1981 696 2067 expiraverit,
718 2004 822 2065 usque
845 1981 887 2045 ad
909 1982 1110 2066 sepulturam
1130 1980 1201 2065 ejus

172 2117 290 2180 corpus
321 2095 481 2173 decenter,
512 2093 658 2177 quandiu
692 2093 872 2172 conveniet,
903 2103 1062 2157 teneatur.
1108 2093 1201 2157 Post-

171 2206 306 2269 modum
317 2206 465 2270 absoluto
477 2205 581 2268 officio
594 2226 701 2268 coram
713 2204 899 2269 domesticis
910 2227 969 2289 pro
984 2226 1073 2268 more
1085 2204 1200 2289 sepeli-

171 2331 256 2400 atur,
276 2331 309 2384 et
326 2341 421 2383 mane
441 2319 588 2405 proximo
614 2326 690 2404 post
710 2318 779 2403 ejus
800 2329 938 2382 mortem
958 2340 1070 2382 omnes
1095 2340 1200 2382 sacer-

173 2432 265 2496 dotes
286 2430 455 2495 domestici
472 2452 532 2515 pro
558 2430 628 2516 ejus
647 2431 754 2493 anima
775 2430 882 2494 missae
905 2430 1099 2494 sacrificium
1121 2432 1199 2495 offe-

171 2553 267 2620 rant3
288 2540 405 2624 reliqui
418 2562 493 2604 vero
508 2540 662 2626 peculiari
677 2540 820 2604 oratione
842 2563 902 2625 pro
925 2541 1038 2605 eodem
1055 2540 1198 2604 divinam

172 2652 347 2738 implorent
362 2651 577 2732 clementiam,
593 2663 689 2736 atque
705 2653 739 2716 in
762 2675 800 2716 eo
822 2663 1029 2738 perseverent
1051 2652 1198 2732 ulterius

166 2766 263 2851 juxta
279 2763 459 2850 Superioris
475 2765 654 2844 arbitrium,
670 2764 721 2829 vel
736 2763 878 2850 cujusvis
900 2765 1059 2850 privatam
1074 2765 1198 2829 devoti-

172 2899 278 2955 onem,
294 2876 346 2941 vel
360 2876 609 2962 obligationem
633 2876 660 2940 si
675 2899 739 2960 qua
754 2877 788 2940 in
804 2877 947 2940 Domino
962 2876 1153 2941 intercedat.

128 2997 149 3053 4
173 2989 365 3052 Reddantur
379 2988 477 3052 etiam
500 2988 650 3052 certiores
673 2986 726 3051 alii
749 2988 788 3051 de
805 2987 964 3051 Societate
979 2987 1013 3049 in
1028 2987 1108 3051 locis
1123 2987 1197 3068 illis,

172 3124 244 3187 quae
269 3100 423 3186 Superior
448 3100 618 3164 convenire
646 3099 850 3184 judicaverit,
870 3111 908 3163 ut
930 3084 1198 3163 simile'officium

171 3224 327 3299 praestent
353 3211 537 3291 charitatis3
569 3234 642 3295 quae
666 3233 742 3296 erga
764 3213 836 3291 hos,
863 3212 919 3295 qui
945 3211 1012 3276 vita
1033 3212 1197 3296 perfuncti

172 3335 260 3403 sunt,
271 3347 338 3388 uon
353 3323 469 3402 minor,
478 3322 575 3406 quam
591 3343 667 3406 erga
680 3322 836 3402 viventes,
845 3322 880 3386 in
891 3321 1034 3386 Domino
1044 3323 1197 3409 explicari

171 3437 278 3501 debet.

117 3645 119 3649 >
198 3679 298 3728 QUOD
315 3675 624 3748 CONSTITUTIONES
642 3676 798 3720 PuccArl
815 3677 1100 3721 OBLIGA'I'IONEM

502 3787 577 3830 NON
596 3788 800 3832 INDUCUN'P.

130 4001 145 4057 l
173 3992 252 4057 Cum
268 3998 400 4077 exoptet
415 3990 558 4054 Societas
573 3990 738 4055 universas
755 4013 829 4055 suas
846 3990 1116 4072 constitutiones,
1131 3992 1200 4056 De-
