2646 4732
517 384 608 427 anns
634 368 766 427 norun.
1171 376 1191 431 9

159 552 209 616 alii
230 572 298 615 non
320 558 463 636 possunt
486 549 555 612 sine
578 547 774 612 detrimento
796 547 927 633 majoris
943 548 1033 631 boni)
1052 571 1121 613 esse
1137 573 1192 615 eos

158 674 282 748 oportet
312 661 416 745 (quod
445 660 487 723 ad
512 660 654 723 animam
685 662 822 745 spectat)
851 660 947 724 bonae
974 660 1191 742 conscientiae,

158 775 293 859 quietos,
324 771 522 851 tractabiles,
559 781 717 835 amatores
747 771 877 835 virtutis
907 793 944 834 ac
974 771 1192 855 perfectionis,

159 908 336 972 propensos
353 885 395 948 ad
410 884 626 962 devotionem,
636 883 693 967 qui
708 883 894 947 domesticis
910 895 943 946 et
958 884 1099 947 externis
1115 885 1192 948 aedi-

158 995 299 1062 ficationi
320 996 397 1074 sint,
418 995 475 1078 qui
497 1005 582 1058 sorte
599 994 741 1058 Marthae
759 994 794 1057 in
811 994 971 1059 Societate
988 995 1143 1073 contenti,
1159 1007 1191 1058 et

160 1109 196 1172 ad
224 1108 295 1192 ejus
326 1106 517 1171 institutum
546 1106 630 1170 bene
661 1105 779 1185 affecti,
809 1128 881 1169 eam
910 1105 1024 1190 juvare
1055 1108 1096 1170 ad
1127 1108 1192 1171 Dei

161 1220 292 1304 gloriam
309 1228 478 1303 exoptent.

128 1339 142 1394 3
163 1333 256 1398 Quod
270 1332 314 1395 ad
328 1342 463 1395 externa
477 1329 595 1393 attinet
600 1353 610 1408 3
639 1332 769 1393 honesto
786 1331 897 1411 specie,
921 1330 1069 1409 sanitate,
1085 1342 1192 1411 aetate,

161 1456 188 1512 et
208 1443 333 1507 viribus
356 1442 399 1504 ad
420 1441 547 1505 labores
571 1440 726 1526 corporis,
748 1440 783 1503 in
807 1440 968 1505 Societate
992 1442 1191 1506 sufferendos

161 1554 282 1638 praediti
305 1575 376 1617 esse
401 1552 574 1630 deberent3
598 1563 631 1615 et
654 1552 710 1635 qui
732 1551 862 1629 habere,
877 1552 929 1615 vel
948 1552 1034 1616 certe
1049 1552 1192 1617 habituri

162 1686 223 1728 esse
239 1664 416 1748 aliquando
432 1663 593 1727 talentum
608 1661 741 1747 aliquod
756 1662 798 1725 ad
813 1684 884 1726 eam
906 1661 1087 1747 juvandam
1102 1664 1192 1728 vide-

162 1786 278 1839 rentur.

130 1894 144 1948 4
161 1886 338 1950 Admittere
352 1884 502 1949 homines
518 1885 638 1970 difficili
661 1884 825 1947 admodum
845 1886 978 1967 iapeaio,
993 1885 1045 1948 vel
1060 1884 1192 1949 inutiles

162 1995 423 2082 congregationi,
437 1995 513 2058 lieet
535 1995 684 2080 ipsismet
707 2017 775 2058 non
796 1994 912 2058 inutile
931 1996 1026 2074 foret,
1042 1994 1192 2075 admitti3

161 2109 398 2172 considerantes
428 2117 538 2170 tamen
562 2106 707 2170 instituti
737 2105 841 2169 nostri
871 2102 982 2183 finem,
1008 2128 1044 2169 ac
1075 2107 1193 2189 agendi

161 2220 340 2296 rationem3
377 2218 613 2303 persuademus
643 2217 738 2281 nobis
769 2217 804 2280 in
835 2216 979 2280 Domino
1017 2217 1059 2279 ad
1088 2215 1191 2300 ipsius

160 2330 259 2415 majus
275 2329 445 2394 servitium
461 2341 494 2393 et
508 2329 639 2393 laudem
655 2350 722 2392 non
739 2328 900 2413 expedire.

130 2442 221 2508 rani
251 2443 294 2505 ad
324 2443 386 2504 hoe
417 2440 677 2519 admitterentur,
707 2451 745 2502 ut
774 2440 810 2502 in
839 2439 937 2503 rebus
969 2437 1191 2524 spiritualibus

162 2552 353 2616 Societatem
363 2552 528 2637 juvarent,
540 2550 775 2614 considerando
787 2549 867 2633 quid
881 2549 1070 2634 hujusmodi
1079 2550 1191 2614 minis-

161 2664 272 2728 terium
303 2664 457 2748 requirat,
486 2673 525 2726 ut
555 2661 671 2726 animae
700 2661 923 2747 proximorum
951 2662 1119 2746 juventur,
1142 2685 1192 2727 se-

162 2766 333 2857 quentibus
349 2774 444 2838 donis
460 2772 524 2837 Dei
539 2773 647 2837 ornari
663 2794 718 2836 eos
734 2794 866 2835 necesse
882 2783 942 2836 est.

131 2885 257 2950 aauod
280 2885 323 2948 ad
351 2884 554 2948 intellectum
584 2883 712 2963 attinet,
743 2883 892 2947 doctrina
916 2905 1005 2962 sana,
1031 2883 1083 2947 vel
1108 2885 1192 2967 apti-

163 2996 268 3059 tudine
292 2995 335 3058 ad
357 3016 428 3058 eam
450 2994 691 3072 addiscendam,
707 3003 740 3057 et
759 2993 794 3056 in
809 2993 907 3057 rebus
922 2993 1056 3078 agendis
1072 2993 1191 3058 discre-

164 3107 255 3186 tione,
269 3107 322 3170 vel
337 3107 423 3170 certe
438 3106 546 3170 indole
560 3106 640 3170 boni
656 3105 773 3190 judicii
788 3106 829 3170 ad
844 3127 915 3168 eam
936 3105 1175 3189 acquirendam.

133 3214 256 3288 llluod
286 3219 329 3282 ad
358 3218 558 3297 memoriam,
587 3217 770 3302 aptitudine
800 3216 843 3279 ad
871 3216 1127 3301 percipiendum,
1157 3227 1190 3280 et

164 3342 311 3415 percepta
324 3329 543 3393 retinendum.

131 3443 147 3500 8
165 3440 257 3507 Quod
272 3443 314 3504 ad
328 3441 541 3519 voluntatem,
557 3451 595 3503 ut
616 3440 775 3504 universae
790 3440 919 3504 virtutis
935 3452 968 3504 et
982 3440 1189 3525 perfectionis

163 3553 333 3638 spiritualis
349 3552 487 3617 studiosi
502 3553 578 3632 sint,
594 3552 707 3637 quieti,
722 3563 919 3633 constantes,
935 3553 1058 3617 strenui
1081 3554 1115 3615 in
1137 3553 1188 3632 iis,

161 3681 230 3747 quae
252 3665 295 3728 ad
317 3663 464 3728 divinum
488 3663 655 3728 servitium
678 3664 936 3748 aggrediuntur3
968 3665 1087 3748 quique
1110 3665 1188 3728 Zelo

159 3775 284 3839 accensi
304 3775 371 3839 sint
395 3797 456 3861 pro
480 3775 662 3839 animarum
689 3775 813 3853 salute3
845 3787 878 3838 et
904 3797 942 3839 ea
964 3777 1004 3839 de
1027 3799 1124 3841 causa
1146 3781 1188 3842 ad

157 3897 305 3950 nostrum
334 3885 523 3950 institutum
553 3887 652 3970 (quod
681 3887 723 3949 ad
745 3887 816 3949 illas
841 3886 1003 3971 juvandas
1023 3899 1055 3952 et
1078 3889 1187 3975 dispo-

154 3997 281 4060 nendas
304 3998 346 4061 ad
367 3997 476 4062 ultimi
498 3997 549 4062 sui
571 3997 646 4061 finis
668 3999 708 4062 de
724 4020 823 4061 manu
839 3997 902 4061 Dei
918 3999 1069 4063 creatoris
1085 4002 1187 4065 nostri

153 4130 192 4173 ac
208 4108 346 4172 Domini
361 4109 625 4173 consecutionem
640 4109 727 4174 recta
741 4108 858 4191 tendit)
877 4109 942 4173 sint
957 4111 1072 4175 affecti.
