2646 4732
488 345 582 396 nans
605 344 758 394 aurunt.
1132 331 1174 391 65

157 513 322 578 sessionem
337 511 410 596 quis
426 510 628 590 admittatur,
643 510 678 575 in
693 532 731 575 ea
745 509 898 574 facultate
917 511 980 573 hoc
995 520 1125 596 tempus
1141 533 1175 575 se

157 623 340 704 exercuisse,
366 627 400 687 et
423 622 554 707 quidem
581 622 622 686 ad
648 622 782 708 gloriam
807 620 871 685 Dei
892 621 969 685 satis
989 622 1024 684 in
1044 644 1082 686 ea
1101 645 1176 708 pro-

157 736 263 800 fecisse
279 735 452 814 convenit3
475 741 508 798 et
521 734 555 797 in
572 735 736 819 profectus
751 732 939 818 hujusmodi
954 733 1176 798 testimonium

158 849 288 931 quisque
305 857 380 911 ante
398 846 630 932 professionem
645 845 850 910 Assertiones
866 845 1015 930 Logices,
1031 845 1178 910 Philoso-

157 959 249 1043 phiae,
280 969 314 1022 et
350 957 535 1042 'l'heologiae
574 957 781 1022 Scholasticae
819 956 972 1021 tuebitur.
1030 957 1179 1023 Quatuor

158 1083 262 1135 autem
273 1070 316 1133 ad
331 1069 625 1156 argumentandum
641 1078 674 1133 et
692 1069 906 1153 judicandum
922 1069 961 1133 de
977 1091 1088 1133 eorum
1104 1070 1180 1134 doc-

158 1182 249 1260 trina,
264 1203 308 1245 an
323 1180 366 1244 sit
381 1191 503 1265 quanta
517 1187 656 1266 oportet,
679 1190 777 1265 prout
794 1179 891 1264 juxta
911 1179 1080 1244 veritatem
1103 1203 1180 1266 syn-

159 1293 225 1358 eere
241 1292 413 1372 senserint,
429 1291 620 1378 deligantur.
668 1291 767 1357 Quod
783 1291 810 1355 si
825 1291 972 1355 doctrina
994 1314 1031 1355 ea
1052 1291 1181 1376 praediti

159 1427 236 1484 esse,
259 1426 333 1488 quae
355 1403 432 1468 satis
451 1403 503 1484 sit,
523 1426 591 1468 non
611 1403 817 1468 invenientur
828 1428 837 1482 3
861 1403 1096 1468 conducibilius
1111 1403 1182 1483 erit,

159 1529 204 1598 ut,
223 1518 330 1582 donec
351 1538 422 1581 eam
442 1528 693 1600 consequantur,
714 1527 906 1601 expectent:
932 1528 969 1580 ut
991 1516 1063 1580 illos
1086 1516 1182 1580 etiam

160 1639 327 1716 expectare
347 1627 520 1713 oportebit,
543 1627 600 1712 qui
619 1627 654 1690 in
677 1627 890 1712 abnegatione
914 1627 964 1691 sui
986 1627 1131 1712 ipsorum
1151 1639 1184 1692 et

160 1741 333 1807 virtutibus
349 1739 512 1826 Religioso
528 1738 635 1825 dignis
652 1739 886 1819 testimonium,
902 1740 990 1823 quod
1011 1762 1070 1824 par
1089 1751 1184 1819 esset,

161 1853 307 1931 nondum
322 1851 457 1916 omnino
473 1851 664 1916 retulerunt.

127 1972 142 2028 3
162 1965 282 2029 Praeter
301 1965 374 2044 hos,
393 1962 544 2028 nonnulli
563 1963 605 2026 ad
623 1961 722 2026 trium
742 1973 892 2027 votorum
915 1963 1096 2027 solennium
1112 1985 1186 2047 pro-

163 2079 334 2142 fessionem
349 2075 478 2140 admitti
492 2086 637 2161 possent,
647 2097 720 2140 raro
735 2087 856 2155 tamen,
867 2089 900 2139 et
914 2097 980 2139 non
997 2075 1066 2138 sine
1082 2075 1187 2139 causis

164 2188 378 2275 peculiaribus
408 2186 544 2273 alicujus
573 2187 750 2252 momenti:
788 2198 821 2251 et
857 2187 918 2250 hos
948 2186 1034 2250 certe
1064 2197 1188 2271 septem

166 2323 264 2366 annos
286 2300 322 2364 in
344 2298 504 2364 Societate
526 2309 621 2364 notos
642 2299 753 2379 fuisse,
775 2303 809 2362 et
830 2319 897 2362 non
919 2297 1114 2361 mediocrem
1138 2298 1189 2362 sui

166 2413 287 2492 talenti,
303 2434 341 2476 ac
355 2412 514 2477 virtmum
537 2411 788 2476 satisfactionem
800 2411 853 2477 ad
874 2409 1008 2496 gloriam
1025 2410 1088 2474 Dei
1106 2433 1190 2496 prae-

168 2526 273 2590 buisse
288 2525 324 2589 in
340 2546 378 2588 ea
395 2523 567 2610 oportebit.

136 2637 215 2702 lUt
239 2636 314 2721 quis
344 2635 442 2700 etiam
472 2635 506 2699 in
531 2633 761 2720 Coadjutorem
790 2635 964 2699 formatum
991 2636 1191 2717 admittatur,

172 2759 295 2834 oportet
322 2747 476 2812 Societati
501 2767 571 2811 esse
596 2746 796 2810 satisfactum
823 2746 862 2810 de
889 2746 959 2832 ejus
984 2748 1062 2829 vita,
1088 2749 1191 2834 deque

172 2859 253 2924 bono
268 2859 418 2945 exemplo
433 2880 470 2922 ac
486 2857 608 2922 talento
624 2857 665 2921 ad
681 2880 714 2921 se
731 2856 911 2943 juvandam
922 2858 973 2924 vel
989 2883 1063 2925 cum
1077 2861 1192 2926 litteris

174 2971 203 3035 in
217 2970 315 3036 rebus
331 2969 564 3057 spiritualibus,
579 2970 631 3034 vel
646 2968 715 3033 sine
730 2969 794 3034 illis
809 2969 843 3034 in
860 2970 1080 3053 exterioribus,
1095 2986 1193 3059 prout

176 3084 285 3170 cuique
308 3083 417 3148 divina
438 3081 567 3147 bonitas
590 3082 675 3146 dona
698 3104 757 3146 sua
780 3083 1073 3149 communicaverit.
1120 3087 1193 3150 Hoc

176 3194 276 3280 ipsum
292 3204 401 3259 autem
423 3191 576 3259 metiatur
598 3202 725 3279 oportet
741 3193 912 3280 Praepositi
928 3194 1095 3258 Generalis
1117 3220 1195 3281 pru-

178 3307 301 3386 dentia3
333 3307 396 3372 nisi
426 3306 522 3371 alicui
551 3327 591 3371 ex
620 3307 879 3393 particularibus,
909 3309 962 3372 eui
991 3308 1130 3373 multum
1160 3311 1195 3375 in

179 3419 315 3484 Domino
331 3419 519 3499 confideret,
533 3418 568 3483 id
583 3419 853 3485 committendum
868 3420 1038 3485 videretur.

149 3535 162 3590 5
181 3530 223 3596 Ut
237 3531 336 3618 aliqui
356 3531 572 3596 admittantur
592 3531 627 3595 in
644 3532 861 3598 Scholasticos
879 3533 1095 3620 approbatos3
1118 3555 1197 3617 qua-

182 3644 249 3709 dam
278 3645 487 3731 proportione
523 3656 657 3726 servata,
687 3646 800 3711 eadem
836 3648 1065 3731 requiruntur3
1103 3658 1135 3711 et
1164 3648 1199 3711 id

182 3757 327 3840 peculiari
353 3758 494 3843 quadam
518 3757 642 3822 ratione
654 3785 664 3838 3
688 3769 726 3822 ut
750 3781 790 3823 ex
816 3782 927 3823 eorum
951 3759 1081 3844 ingenio
1102 3772 1198 3845 atque

183 3868 281 3935 indole
296 3871 331 3934 in
345 3871 432 3937 viros
454 3873 567 3938 doctos
590 3895 644 3938 eos
667 3895 818 3938 evasuros
842 3872 1011 3959 Praepositi
1031 3874 1199 3939 Generalis

182 3979 305 4066 judicio,
322 3984 374 4051 vel
400 3982 482 4072 ejus,
512 3984 565 4050 cui
587 3986 649 4050 hoc
675 4007 796 4051 munus
822 3984 874 4050 ille
900 3985 1104 4070 (confidendo
1124 4007 1201 4071 pru-

1195 4308 1285 4456 Ι
