2646 4732
113 359 153 414 14

132 1215 150 1270 5

133 2444 152 2500 6

489 365 816 411 consrlruulonun

181 536 347 622 Superiori
361 535 469 620 aliqua
484 537 524 598 de
541 557 638 599 causa
653 557 719 599 non
734 534 814 599 levis
829 533 987 597 momenti
1008 533 1097 598 aliud
1118 535 1209 598 vide-

155 636 157 641 4
176 649 240 732 tur)
260 671 335 712 cum
350 647 503 727 externis,
518 648 569 711 vel
585 647 770 710 domesticis
787 657 872 731 agat,
891 656 1108 731 praeterquam
1131 669 1208 710 cum

175 761 226 841 iis,
242 762 298 846 qui
314 761 355 824 ad
370 761 403 823 id
419 759 580 844 designati
595 781 615 821 a
630 759 802 844 Superiore
817 759 949 822 fuerint.
995 758 1095 824 Quod
1108 758 1158 837 fit,
1169 770 1209 823 ut

174 872 307 935 liberius
324 894 434 935 secum
450 881 482 934 et
498 892 573 933 cum
589 871 661 934 Deo
681 870 862 954 perpendat
884 869 1087 933 vocationem
1103 891 1209 949 suam,

176 1006 213 1048 ac
228 984 432 1069 propositum
448 982 565 1046 divinae
582 1004 618 1045 ae
639 1004 776 1044 summae
792 980 960 1065 Majestati
973 981 1008 1043 in
1023 981 1084 1044 hac
1098 981 1210 1045 Socie-

176 1106 241 1158 tate
259 1095 430 1158 serviendi.

176 1207 305 1292 Elapsis
332 1207 460 1270 duobus
491 1216 548 1268 aut
577 1205 682 1269 tribus
713 1204 827 1267 diebus
857 1215 933 1288 post
962 1203 1145 1288 ingressum
1172 1205 1208 1268 in

175 1320 308 1383 domurn
326 1318 542 1396 Probationis,
558 1316 733 1380 examinari
749 1315 929 1379 accuratius
947 1315 1093 1400 incipiat,
1108 1329 1209 1400 prout

174 1431 209 1494 in
239 1430 343 1494 officio
375 1429 614 1493 Examinatoris
646 1428 849 1491 declaraturr
883 1439 916 1490 et
945 1427 1148 1511 relinquatur
1178 1429 1209 1492 ei

175 1544 333 1628 scriptum
364 1544 523 1620 Examen,
553 1552 591 1603 ut
622 1540 709 1604 solus
745 1540 779 1603 id
808 1539 968 1603 maturius
998 1540 1208 1620 consideret3

174 1667 288 1740 postea
318 1655 423 1718 eidem
454 1655 668 1718 ostendantur
698 1653 888 1738 Diplomata
916 1652 1131 1738 Apostolica3
1169 1675 1208 1718 ac

176 1767 448 1845 Constitutiones,
472 1777 504 1828 et
520 1766 654 1849 Regulae
676 1764 711 1826 in
733 1764 893 1828 Societate
914 1786 951 1827 ac
977 1764 1084 1844 domn,
1107 1786 1207 1847 quam

174 1877 366 1962 ingreditur,
382 1877 610 1954 observandae3
633 1887 666 1939 et
681 1875 737 1959 qui
752 1875 869 1938 litteris
890 1896 1021 1959 operam
1036 1873 1208 1954 dederunt,

175 1989 215 2051 de
232 1988 368 2072 singulis
383 1987 603 2065 facultatibus,
618 1987 653 2051 in
676 1987 794 2071 quibus
816 1986 935 2049 versati
957 1996 1045 2064 sunt,
1061 1985 1207 2070 singulas

174 2101 353 2185 praelegant
373 2099 540 2178 lectiones,
562 2110 595 2163 et
616 2099 651 2162 id
667 2121 774 2162 coram
789 2099 847 2178 eis,
863 2098 919 2183 qui
942 2120 962 2161 a
977 2098 1149 2182 Superiore
1165 2100 1208 2162 ad

175 2212 245 2297 ejus
261 2212 421 2275 talentum
436 2212 471 2274 in
495 2210 653 2290 doctrina,
668 2222 701 2274 et
722 2209 926 2296 proponendi
947 2210 1046 2273 modo
1068 2231 1207 2294 cognos-

176 2325 315 2388 cendum
332 2336 409 2388 sunt
424 2323 604 2387 constituti.

176 2437 303 2500 Eodem
327 2437 388 2498 hoc
419 2446 563 2518 tempore
593 2434 708 2518 primae
739 2433 943 2497 Probationis
973 2433 1205 2496 conscientiam

176 2569 268 2610 suam
290 2545 465 2629 Superiori,
488 2545 540 2608 vel
565 2544 605 2624 ei,
626 2553 728 2628 ‘quem
754 2544 823 2629 ipse
855 2544 1059 2629 delegaverit,
1085 2544 1207 2628 aperiet

179 2660 252 2742 (1111
266 2658 301 2720 id
316 2658 438 2742 negotii
454 2680 529 2721 cum
546 2657 728 2742 Superioris
744 2678 906 2721 consensu
920 2657 955 2719 in
971 2656 1059 2719 aliud
1074 2666 1205 2742 tempus

176 2768 368 2850 differretur)
401 2782 433 2832 et
462 2769 654 2854 generaliter
683 2769 891 2832 confitebitur
924 2767 964 2850 (si
997 2767 1145 2831 nondum
1171 2768 1206 2832 id

167 2880 316 2963 ¹fecisset)
348 2891 381 2944 et
410 2880 456 2942 illi
494 2881 625 2965 quidem
657 2879 871 2958 Confessario,
902 2882 955 2961 qui
985 2901 1006 2942 a
1036 2881 1205 2962 Superiore

166 2994 276 3075 sumt
291 2995 335 3056 ad
350 2995 386 3057 td
402 2996 585 3058 destinatus.
630 2995 676 3058 Et
692 2994 766 3058 11111
781 2994 816 3056 in
830 2994 913 3059 libro
929 2994 970 3056 ad
984 2993 1019 3056 id
1034 2993 1204 3078 designato

133 3160 134 3163 ,
176 3104 334 3189 scriptum
363 3104 471 3184 fuerit,
501 3117 533 3168 et
563 3128 663 3169 manu
692 3105 761 3189 ejus
792 3104 1022 3189 subscriptum,
1048 3105 1205 3189 quicquid

133 3774 152 3848 7

176 3216 309 3280 domum
326 3216 413 3294 tulit,
428 3227 460 3279 et
476 3215 545 3300 ejus
568 3239 746 3280 consensus
769 3216 811 3279 ad
833 3216 1033 3281 observanda
1050 3217 1160 3281 omnia
1174 3217 1205 3280 ei

175 3325 342 3411 proposita
351 3351 360 3404 3
383 3329 547 3410 postremo
563 3338 638 3412 post
653 3327 946 3391 reconciliationem
962 3339 1094 3413 accepto
1110 3328 1204 3392 sanc-

176 3438 301 3502 tissimo
317 3438 532 3501 Eucharistiae
549 3438 768 3520 Sacramenta,
790 3439 990 3524 ingredietur
1010 3440 1045 3503 in
1068 3441 1203 3505 domum

176 3549 358 3613 communis
388 3549 621 3630 habitationis3
659 3552 716 3615 ubi
746 3575 821 3616 cum
851 3552 920 3615 aliis
950 3552 1080 3631 versari,
1110 3563 1143 3616 et
1168 3553 1203 3616 in

176 3660 318 3724 secunda
334 3660 527 3725 Probatione
544 3663 666 3727 diutius
681 3665 821 3729 exerceri
836 3664 941 3727 solent
955 3662 1079 3727 novitii.

177 3772 276 3837 Quod
291 3772 414 3836 dictum
430 3782 479 3836 est
495 3773 535 3837 de
550 3774 600 3854 iis,
616 3774 673 3859 qui
693 3787 771 3839 tunc
793 3775 935 3861 primum
951 3775 992 3838 ad
1008 3774 1205 3840 Societatem

175 3883 403 3965 admittuntur,
418 3886 504 3950 bona
522 3899 666 3971 exparte
683 3910 757 3950 1111
779 3886 842 3951 illis
865 3887 1098 3965 observabitur,
1113 3887 1206 3970 quia

175 3994 302 4074 studiis,
318 4009 375 4061 aut
390 3998 459 4062 aliis
475 3999 554 4063 loeis
570 3998 751 4077 Societatis,
767 3999 825 4062 ubi
840 3999 1011 4083 diligenter
1028 3997 1206 4063 examinati

174 4128 241 4169 non
260 4106 391 4188 fuerint,
411 4111 566 4191 veniunt3
600 4111 810 4194 quiquidem
828 4116 910 4189 non,
931 4123 968 4174 ut
985 4109 1136 4188 Professi,
1152 4111 1206 4175 vel
