<?xml version="1.0" encoding="UTF-8"?>
<!DOCTYPE html PUBLIC "-//W3C//DTD XHTML 1.0 Transitional//EN"
    "http://www.w3.org/TR/xhtml1/DTD/xhtml1-transitional.dtd">
<html xmlns="http://www.w3.org/1999/xhtml" xml:lang="en" lang="en">
 <head>
  <title>
</title>
<meta http-equiv="Content-Type" content="text/html;charset=utf-8" />
  <meta name='ocr-system' content='tesseract 3.04.00' />
  <meta name='ocr-capabilities' content='ocr_page ocr_carea ocr_par ocr_line ocrx_word'/>
</head>
<body>
  <div class='ocr_page' id='page_1' title='image "./constitutioness00unkngoog_0028.png"; bbox 0 0 2646 4732; ppageno 0'>
   <div class='ocr_carea' id='block_1_1' title="bbox 509 351 1201 406">
    <p class='ocr_par' dir='ltr' id='par_1_1' title="bbox 509 351 1201 406">
     <span class='ocr_line' id='line_1_1' title="bbox 509 351 1201 406; baseline 0.01 -8"><span class='ocrx_word' id='word_1_1' title='bbox 509 356 600 399; x_wconf 70' lang='lat' dir='ltr'>rans</span> <span class='ocrx_word' id='word_1_2' title='bbox 625 353 807 401; x_wconf 72' lang='lat' dir='ltr'>secunus.</span> <span class='ocrx_word' id='word_1_3' title='bbox 1163 351 1201 406; x_wconf 87' lang='grc'>15</span> 
     </span>
    </p>
   </div>
   <div class='ocr_carea' id='block_1_2' title="bbox 173 524 1204 1057">
    <p class='ocr_par' dir='ltr' id='par_1_2' title="bbox 173 524 1204 1057">
     <span class='ocr_line' id='line_1_2' title="bbox 175 524 1204 611; baseline 0.006 -23"><span class='ocrx_word' id='word_1_4' title='bbox 175 524 388 610; x_wconf 80' lang='lat' dir='ltr'><strong>coadjutores</strong></span> <span class='ocrx_word' id='word_1_5' title='bbox 410 525 550 606; x_wconf 88' lang='lat' dir='ltr'>formati,</span> <span class='ocrx_word' id='word_1_6' title='bbox 572 526 607 589; x_wconf 92' lang='lat' dir='ltr'>in</span> <span class='ocrx_word' id='word_1_7' title='bbox 629 548 747 611; x_wconf 87' lang='lat' dir='ltr'>corpus</span> <span class='ocrx_word' id='word_1_8' title='bbox 764 526 935 590; x_wconf 90' lang='lat' dir='ltr'>Societatis</span> <span class='ocrx_word' id='word_1_9' title='bbox 957 526 1090 592; x_wconf 82' lang='lat' dir='ltr'>admissi</span> <span class='ocrx_word' id='word_1_10' title='bbox 1106 540 1204 608; x_wconf 83' lang='lat' dir='ltr'>sunt3</span> 
     </span>
     <span class='ocr_line' id='line_1_3' title="bbox 173 635 1204 723; baseline 0.005 -24"><span class='ocrx_word' id='word_1_11' title='bbox 173 647 209 700; x_wconf 92' lang='lat' dir='ltr'>ut</span> <span class='ocrx_word' id='word_1_12' title='bbox 232 658 299 721; x_wconf 91' lang='lat' dir='ltr'>quo</span> <span class='ocrx_word' id='word_1_13' title='bbox 322 635 438 722; x_wconf 89' lang='lat' dir='ltr'>majori</span> <span class='ocrx_word' id='word_1_14' title='bbox 461 659 538 700; x_wconf 92' lang='lat' dir='ltr'>cum</span> <span class='ocrx_word' id='word_1_15' title='bbox 566 637 639 701; x_wconf 92' lang='lat' dir='ltr'>luce</span> <span class='ocrx_word' id='word_1_16' title='bbox 669 637 873 722; x_wconf 89' lang='lat' dir='ltr'>procedetur,</span> <span class='ocrx_word' id='word_1_17' title='bbox 902 661 940 702; x_wconf 91' lang='lat' dir='ltr'>eo</span> <span class='ocrx_word' id='word_1_18' title='bbox 967 639 1103 723; x_wconf 91' lang='lat' dir='ltr'>quisque</span> <span class='ocrx_word' id='word_1_19' title='bbox 1127 662 1204 705; x_wconf 90' lang='lat' dir='ltr'>con-</span> 
     </span>
     <span class='ocr_line' id='line_1_4' title="bbox 174 747 1204 834; baseline 0.005 -24"><span class='ocrx_word' id='word_1_20' title='bbox 174 748 310 811; x_wconf 85' lang='lat' dir='ltr'>stantior</span> <span class='ocrx_word' id='word_1_21' title='bbox 324 747 361 810; x_wconf 91' lang='lat' dir='ltr'>in</span> <span class='ocrx_word' id='word_1_22' title='bbox 376 768 436 810; x_wconf 86' lang='lat' dir='ltr'>sua</span> <span class='ocrx_word' id='word_1_23' title='bbox 450 748 618 812; x_wconf 91' lang='lat' dir='ltr'>vocatione</span> <span class='ocrx_word' id='word_1_24' title='bbox 633 759 782 828; x_wconf 85' lang='lat' dir='ltr'>maneat3</span> <span class='ocrx_word' id='word_1_25' title='bbox 805 759 838 812; x_wconf 92' lang='lat' dir='ltr'>et</span> <span class='ocrx_word' id='word_1_26' title='bbox 860 749 932 834; x_wconf 91' lang='lat' dir='ltr'>ipsa</span> <span class='ocrx_word' id='word_1_27' title='bbox 946 749 1044 812; x_wconf 88' lang='lat' dir='ltr'>etiam</span> <span class='ocrx_word' id='word_1_28' title='bbox 1060 750 1204 815; x_wconf 79' lang='lat' dir='ltr'>Societas</span> 
     </span>
     <span class='ocr_line' id='line_1_5' title="bbox 173 859 1204 945; baseline 0.006 -23"><span class='ocrx_word' id='word_1_29' title='bbox 173 859 287 923; x_wconf 90' lang='lat' dir='ltr'>melius</span> <span class='ocrx_word' id='word_1_30' title='bbox 308 859 483 939; x_wconf 90' lang='lat' dir='ltr'>discernat,</span> <span class='ocrx_word' id='word_1_31' title='bbox 506 881 547 922; x_wconf 91' lang='lat' dir='ltr'>an</span> <span class='ocrx_word' id='word_1_32' title='bbox 575 861 745 924; x_wconf 84' lang='lat' dir='ltr'>conveniat</span> <span class='ocrx_word' id='word_1_33' title='bbox 772 860 813 924; x_wconf 94' lang='lat' dir='ltr'>ad</span> <span class='ocrx_word' id='word_1_34' title='bbox 834 859 989 945; x_wconf 85' lang='lat' dir='ltr'>majorem</span> <span class='ocrx_word' id='word_1_35' title='bbox 1011 862 1151 942; x_wconf 89' lang='lat' dir='ltr'>laudem,</span> <span class='ocrx_word' id='word_1_36' title='bbox 1172 875 1204 928; x_wconf 90' lang='lat' dir='ltr'>et</span> 
     </span>
     <span class='ocr_line' id='line_1_6' title="bbox 174 971 1130 1057; baseline 0.005 -23"><span class='ocrx_word' id='word_1_37' title='bbox 174 971 308 1056; x_wconf 83' lang='lat' dir='ltr'>gloriam</span> <span class='ocrx_word' id='word_1_38' title='bbox 323 971 389 1035; x_wconf 91' lang='lat' dir='ltr'>Dei</span> <span class='ocrx_word' id='word_1_39' title='bbox 405 982 438 1035; x_wconf 88' lang='lat' dir='ltr'>et</span> <span class='ocrx_word' id='word_1_40' title='bbox 452 971 588 1036; x_wconf 89' lang='lat' dir='ltr'>Domini</span> <span class='ocrx_word' id='word_1_41' title='bbox 602 972 706 1036; x_wconf 81' lang='lat' dir='ltr'>nostri</span> <span class='ocrx_word' id='word_1_42' title='bbox 721 972 814 1036; x_wconf 93' lang='lat' dir='ltr'>illum</span> <span class='ocrx_word' id='word_1_43' title='bbox 829 973 918 1057; x_wconf 91' lang='lat' dir='ltr'>apud</span> <span class='ocrx_word' id='word_1_44' title='bbox 933 996 966 1037; x_wconf 92' lang='lat' dir='ltr'>se</span> <span class='ocrx_word' id='word_1_45' title='bbox 982 975 1130 1039; x_wconf 88' lang='lat' dir='ltr'>retinere.</span> 
     </span>
    </p>
   </div>
   <div class='ocr_carea' id='block_1_3' title="bbox 525 1311 785 1322">
    <p class='ocr_par' dir='ltr' id='par_1_3' title="bbox 525 1311 785 1322">
     <span class='ocr_line' id='line_1_7' title="bbox 525 1311 785 1322; baseline 0.012 -4"><span class='ocrx_word' id='word_1_46' title='bbox 525 1311 785 1322; x_wconf 69' lang='lat'>---—-—--—.⁴</span> 
     </span>
    </p>
   </div>
   <div class='ocr_carea' id='block_1_4' title="bbox 364 1531 944 1626">
    <p class='ocr_par' dir='ltr' id='par_1_4' title="bbox 364 1531 944 1626">
     <span class='ocr_line' id='line_1_8' title="bbox 364 1531 944 1626; baseline 0.003 -3"><span class='ocrx_word' id='word_1_47' title='bbox 364 1531 718 1626; x_wconf 85' lang='lat' dir='ltr'><strong>SECUNDA</strong></span> <span class='ocrx_word' id='word_1_48' title='bbox 764 1535 944 1625; x_wconf 87' lang='lat' dir='ltr'><strong>PARS</strong></span> 
     </span>
    </p>
   </div>
   <div class='ocr_carea' id='block_1_5' title="bbox 131 1738 1204 1932">
    <p class='ocr_par' dir='ltr' id='par_1_5' title="bbox 131 1738 1204 1932">
     <span class='ocr_line' id='line_1_9' title="bbox 131 1738 1204 1821; baseline -0.002 -18"><span class='ocrx_word' id='word_1_49' title='bbox 131 1759 178 1819; x_wconf 70' lang='lat' dir='ltr'>cue</span> <span class='ocrx_word' id='word_1_50' title='bbox 190 1742 230 1803; x_wconf 84' lang='lat' dir='ltr'>ud</span> <span class='ocrx_word' id='word_1_51' title='bbox 249 1760 302 1803; x_wconf 82' lang='lat' dir='ltr'>eos</span> <span class='ocrx_word' id='word_1_52' title='bbox 320 1741 523 1802; x_wconf 79' lang='lat' dir='ltr'>dime&#39;tteodos</span> <span class='ocrx_word' id='word_1_53' title='bbox 537 1741 690 1821; x_wconf 79' lang='lat' dir='ltr'>pertinet,</span> <span class='ocrx_word' id='word_1_54' title='bbox 706 1741 760 1819; x_wconf 80' lang='lat' dir='ltr'>qui</span> <span class='ocrx_word' id='word_1_55' title='bbox 779 1740 823 1801; x_wconf 84' lang='lat' dir='ltr'>od</span> <span class='ocrx_word' id='word_1_56' title='bbox 837 1738 1058 1801; x_wconf 80' lang='lat' dir='ltr'>Probatioaem</span> <span class='ocrx_word' id='word_1_57' title='bbox 1076 1739 1204 1802; x_wconf 77' lang='lat' dir='ltr'>admissi</span> 
     </span>
     <span class='ocr_line' id='line_1_10' title="bbox 199 1849 1103 1932; baseline -0.003 -17"><span class='ocrx_word' id='word_1_58' title='bbox 199 1851 350 1932; x_wconf 79' lang='lat' dir='ltr'>fueruat,</span> <span class='ocrx_word' id='word_1_59' title='bbox 366 1857 398 1913; x_wconf 91' lang='lat' dir='ltr'>et</span> <span class='ocrx_word' id='word_1_60' title='bbox 413 1871 531 1932; x_wconf 81' lang='lat' dir='ltr'>puram</span> <span class='ocrx_word' id='word_1_61' title='bbox 546 1851 615 1931; x_wconf 81' lang='lat' dir='ltr'>apti</span> <span class='ocrx_word' id='word_1_62' title='bbox 630 1851 674 1912; x_wconf 83' lang='lat' dir='ltr'>ad</span> <span class='ocrx_word' id='word_1_63' title='bbox 688 1849 878 1912; x_wconf 78' lang='lat' dir='ltr'>Societatem</span> <span class='ocrx_word' id='word_1_64' title='bbox 893 1850 1103 1912; x_wconf 78' lang='lat' dir='ltr'>inveniuntur.</span> 
     </span>
    </p>
   </div>
   <div class='ocr_carea' id='block_1_6' title="bbox 307 2177 1003 2236">
    <p class='ocr_par' dir='ltr' id='par_1_6' title="bbox 307 2177 1003 2236">
     <span class='ocr_line' id='line_1_11' title="bbox 307 2177 1003 2236; baseline -0.01 -10"><span class='ocrx_word' id='word_1_65' title='bbox 307 2180 374 2226; x_wconf 75' lang='lat' dir='ltr'>QUI</span> <span class='ocrx_word' id='word_1_66' title='bbox 392 2179 539 2222; x_wconf 78' lang='lat' dir='ltr'>DIMITTI</span> <span class='ocrx_word' id='word_1_67' title='bbox 557 2178 729 2236; x_wconf 78' lang='lat' dir='ltr'>POSSUNT,</span> <span class='ocrx_word' id='word_1_68' title='bbox 747 2179 792 2220; x_wconf 80' lang='lat' dir='ltr'>ET</span> <span class='ocrx_word' id='word_1_69' title='bbox 810 2178 881 2220; x_wconf 84' lang='lat' dir='ltr'>PER</span> <span class='ocrx_word' id='word_1_70' title='bbox 899 2177 1003 2224; x_wconf 78' lang='lat' dir='ltr'>QUOS.</span> 
     </span>
    </p>
   </div>
   <div class='ocr_carea' id='block_1_7' title="bbox 146 2403 1205 2616">
    <p class='ocr_par' dir='ltr' id='par_1_7' title="bbox 146 2403 1205 2616">
     <span class='ocr_line' id='line_1_12' title="bbox 146 2404 1204 2491; baseline 0.005 -24"><span class='ocrx_word' id='word_1_71' title='bbox 146 2412 156 2466; x_wconf 92' lang='lat' dir='ltr'>l</span> <span class='ocrx_word' id='word_1_72' title='bbox 264 2407 295 2469; x_wconf 89' lang='lat' dir='ltr'>T</span> <span class='ocrx_word' id='word_1_73' title='bbox 310 2417 421 2469; x_wconf 89' lang='lat' dir='ltr'>autem</span> <span class='ocrx_word' id='word_1_74' title='bbox 436 2407 478 2468; x_wconf 91' lang='lat' dir='ltr'>ad</span> <span class='ocrx_word' id='word_1_75' title='bbox 492 2405 698 2491; x_wconf 92' lang='lat' dir='ltr'>propositum</span> <span class='ocrx_word' id='word_1_76' title='bbox 717 2405 794 2469; x_wconf 91' lang='lat' dir='ltr'>huic</span> <span class='ocrx_word' id='word_1_77' title='bbox 815 2404 961 2469; x_wconf 87' lang='lat' dir='ltr'>societati</span> <span class='ocrx_word' id='word_1_78' title='bbox 983 2405 1082 2469; x_wconf 89' lang='lat' dir='ltr'>finem</span> <span class='ocrx_word' id='word_1_79' title='bbox 1102 2406 1204 2472; x_wconf 91' lang='lat' dir='ltr'>divini</span> 
     </span>
     <span class='ocr_line' id='line_1_13' title="bbox 174 2403 1205 2616; baseline 0.004 -35"><span class='ocrx_word' id='word_1_80' title='bbox 174 2403 415 2616; x_wconf 85' lang='lat' dir='ltr'>Uobsequii</span> <span class='ocrx_word' id='word_1_81' title='bbox 429 2528 462 2581; x_wconf 91' lang='lat' dir='ltr'>et</span> <span class='ocrx_word' id='word_1_82' title='bbox 477 2518 587 2581; x_wconf 84' lang='lat' dir='ltr'>auxilii</span> <span class='ocrx_word' id='word_1_83' title='bbox 602 2518 782 2582; x_wconf 92' lang='lat' dir='ltr'>animarum</span> <span class='ocrx_word' id='word_1_84' title='bbox 798 2518 949 2582; x_wconf 90' lang='lat' dir='ltr'>convenit</span> <span class='ocrx_word' id='word_1_85' title='bbox 964 2520 1156 2601; x_wconf 88' lang='lat' dir='ltr'>conservari,</span> <span class='ocrx_word' id='word_1_86' title='bbox 1172 2534 1205 2585; x_wconf 89' lang='lat' dir='ltr'>et</span> 
     </span>
    </p>
   </div>
   <div class='ocr_carea' id='block_1_8' title="bbox 128 2627 1205 4171">
    <p class='ocr_par' dir='ltr' id='par_1_8' title="bbox 172 2627 1205 4057">
     <span class='ocr_line' id='line_1_14' title="bbox 175 2627 1203 2720; baseline 0.005 -27"><span class='ocrx_word' id='word_1_87' title='bbox 175 2652 308 2696; x_wconf 91' lang='lat' dir='ltr'>numero</span> <span class='ocrx_word' id='word_1_88' title='bbox 332 2627 443 2716; x_wconf 85' lang='lat' dir='ltr'>augeri</span> <span class='ocrx_word' id='word_1_89' title='bbox 466 2635 625 2714; x_wconf 60' lang='lat' dir='ltr'>operam</span> <span class='ocrx_word' id='word_1_90' title='bbox 648 2634 774 2696; x_wconf 79' lang='lat' dir='ltr'>idoneos</span> <span class='ocrx_word' id='word_1_91' title='bbox 800 2653 838 2694; x_wconf 85' lang='lat' dir='ltr'>oc</span> <span class='ocrx_word' id='word_1_92' title='bbox 864 2634 956 2695; x_wconf 80' lang='lat' dir='ltr'>utiles</span> <span class='ocrx_word' id='word_1_93' title='bbox 978 2635 1020 2697; x_wconf 89' lang='lat' dir='ltr'>ad</span> <span class='ocrx_word' id='word_1_94' title='bbox 1039 2633 1103 2697; x_wconf 90' lang='lat' dir='ltr'>Dei</span> <span class='ocrx_word' id='word_1_95' title='bbox 1121 2657 1203 2720; x_wconf 91' lang='lat' dir='ltr'>opus</span> 
     </span>
     <span class='ocr_line' id='line_1_15' title="bbox 174 2743 1204 2828; baseline 0.003 -21"><span class='ocrx_word' id='word_1_96' title='bbox 174 2744 452 2828; x_wconf 69' lang='lat' dir='ltr'>promovendum</span> <span class='ocrx_word' id='word_1_97' title='bbox 483 2744 529 2807; x_wconf 88' lang='lat' dir='ltr'>ita</span> <span class='ocrx_word' id='word_1_98' title='bbox 553 2743 674 2808; x_wconf 91' lang='lat' dir='ltr'>dimitti</span> <span class='ocrx_word' id='word_1_99' title='bbox 703 2766 758 2808; x_wconf 91' lang='lat' dir='ltr'>eos</span> <span class='ocrx_word' id='word_1_100' title='bbox 788 2754 926 2828; x_wconf 86' lang='lat' dir='ltr'>oportet,</span> <span class='ocrx_word' id='word_1_101' title='bbox 953 2745 1010 2828; x_wconf 90' lang='lat' dir='ltr'>qui</span> <span class='ocrx_word' id='word_1_102' title='bbox 1033 2745 1115 2816; x_wconf 24' lang='lat' dir='ltr'>tales,</span> <span class='ocrx_word' id='word_1_103' title='bbox 1137 2769 1204 2810; x_wconf 93' lang='lat' dir='ltr'>non</span> 
     </span>
     <span class='ocr_line' id='line_1_16' title="bbox 174 2854 1205 2942; baseline 0.006 -26"><span class='ocrx_word' id='word_1_104' title='bbox 174 2854 313 2934; x_wconf 80' lang='lat' dir='ltr'>luerint3</span> <span class='ocrx_word' id='word_1_105' title='bbox 347 2866 381 2920; x_wconf 95' lang='lat' dir='ltr'>et</span> <span class='ocrx_word' id='word_1_106' title='bbox 401 2877 554 2920; x_wconf 90' lang='lat' dir='ltr'>successu</span> <span class='ocrx_word' id='word_1_107' title='bbox 577 2856 732 2940; x_wconf 90' lang='lat' dir='ltr'>temporis</span> <span class='ocrx_word' id='word_1_108' title='bbox 752 2856 1023 2940; x_wconf 83' lang='lat' dir='ltr'>deprehendatur,</span> <span class='ocrx_word' id='word_1_109' title='bbox 1047 2858 1098 2922; x_wconf 92' lang='lat' dir='ltr'>vel</span> <span class='ocrx_word' id='word_1_110' title='bbox 1116 2859 1205 2942; x_wconf 76' lang='lat' dir='ltr'>quod</span> 
     </span>
     <span class='ocr_line' id='line_1_17' title="bbox 175 2965 1204 3050; baseline 0.004 -21"><span class='ocrx_word' id='word_1_111' title='bbox 175 2988 238 3029; x_wconf 93' lang='lat' dir='ltr'>non</span> <span class='ocrx_word' id='word_1_112' title='bbox 263 2966 307 3030; x_wconf 89' lang='lat' dir='ltr'>sit</span> <span class='ocrx_word' id='word_1_113' title='bbox 334 2987 445 3030; x_wconf 89' lang='lat' dir='ltr'>eorum</span> <span class='ocrx_word' id='word_1_114' title='bbox 471 2965 608 3046; x_wconf 89' lang='lat' dir='ltr'>vocatio,</span> <span class='ocrx_word' id='word_1_115' title='bbox 631 2967 683 3030; x_wconf 89' lang='lat' dir='ltr'>vel</span> <span class='ocrx_word' id='word_1_116' title='bbox 706 2966 796 3050; x_wconf 75' lang='lat' dir='ltr'>quod</span> <span class='ocrx_word' id='word_1_117' title='bbox 819 2966 861 3030; x_wconf 93' lang='lat' dir='ltr'>ad</span> <span class='ocrx_word' id='word_1_118' title='bbox 887 2989 1058 3031; x_wconf 91' lang='lat' dir='ltr'>commune</span> <span class='ocrx_word' id='word_1_119' title='bbox 1080 2968 1204 3033; x_wconf 91' lang='lat' dir='ltr'>bonum</span> 
     </span>
     <span class='ocr_line' id='line_1_18' title="bbox 175 3080 1204 3160; baseline 0.003 -16"><span class='ocrx_word' id='word_1_120' title='bbox 175 3080 345 3145; x_wconf 84' lang='lat' dir='ltr'>Societatis</span> <span class='ocrx_word' id='word_1_121' title='bbox 361 3103 427 3145; x_wconf 90' lang='lat' dir='ltr'>non</span> <span class='ocrx_word' id='word_1_122' title='bbox 443 3081 624 3160; x_wconf 89' lang='lat' dir='ltr'>conveniat,</span> <span class='ocrx_word' id='word_1_123' title='bbox 639 3092 677 3145; x_wconf 94' lang='lat' dir='ltr'>ut</span> <span class='ocrx_word' id='word_1_124' title='bbox 692 3081 727 3144; x_wconf 94' lang='lat' dir='ltr'>in</span> <span class='ocrx_word' id='word_1_125' title='bbox 743 3103 781 3145; x_wconf 92' lang='lat' dir='ltr'>ea</span> <span class='ocrx_word' id='word_1_126' title='bbox 798 3093 962 3146; x_wconf 90' lang='lat' dir='ltr'>maneant.</span> <span class='ocrx_word' id='word_1_127' title='bbox 1008 3082 1073 3146; x_wconf 88' lang='lat' dir='ltr'>Sed</span> <span class='ocrx_word' id='word_1_128' title='bbox 1095 3095 1204 3147; x_wconf 89' lang='lat' dir='ltr'>tamen</span> 
     </span>
     <span class='ocr_line' id='line_1_19' title="bbox 175 3192 1204 3277; baseline 0.002 -22"><span class='ocrx_word' id='word_1_129' title='bbox 175 3204 293 3256; x_wconf 87' lang='lat' dir='ltr'>utnon</span> <span class='ocrx_word' id='word_1_130' title='bbox 314 3192 412 3256; x_wconf 89' lang='lat' dir='ltr'>nimis</span> <span class='ocrx_word' id='word_1_131' title='bbox 434 3192 544 3256; x_wconf 87' lang='lat' dir='ltr'>faciles</span> <span class='ocrx_word' id='word_1_132' title='bbox 564 3215 634 3257; x_wconf 88' lang='lat' dir='ltr'>esse</span> <span class='ocrx_word' id='word_1_133' title='bbox 655 3194 697 3256; x_wconf 91' lang='lat' dir='ltr'>ad</span> <span class='ocrx_word' id='word_1_134' title='bbox 715 3193 965 3271; x_wconf 87' lang='lat' dir='ltr'>admittendum,</span> <span class='ocrx_word' id='word_1_135' title='bbox 980 3193 1026 3256; x_wconf 90' lang='lat' dir='ltr'>ita</span> <span class='ocrx_word' id='word_1_136' title='bbox 1042 3215 1147 3277; x_wconf 92' lang='lat' dir='ltr'>neque</span> <span class='ocrx_word' id='word_1_137' title='bbox 1163 3194 1204 3257; x_wconf 93' lang='lat' dir='ltr'>ad</span> 
     </span>
     <span class='ocr_line' id='line_1_20' title="bbox 175 3301 1205 3388; baseline 0.002 -22"><span class='ocrx_word' id='word_1_138' title='bbox 175 3301 406 3367; x_wconf 90' lang='lat' dir='ltr'>dimittendum</span> <span class='ocrx_word' id='word_1_139' title='bbox 421 3303 487 3367; x_wconf 76' lang='lat' dir='ltr'>imo</span> <span class='ocrx_word' id='word_1_140' title='bbox 503 3303 611 3367; x_wconf 78' lang='lat' dir='ltr'>minus</span> <span class='ocrx_word' id='word_1_141' title='bbox 634 3315 780 3388; x_wconf 83' lang='lat' dir='ltr'>oportet:</span> <span class='ocrx_word' id='word_1_142' title='bbox 804 3305 862 3368; x_wconf 88' lang='lat' dir='ltr'>sed</span> <span class='ocrx_word' id='word_1_143' title='bbox 883 3303 1009 3368; x_wconf 74' lang='lat' dir='ltr'>mature</span> <span class='ocrx_word' id='word_1_144' title='bbox 1024 3303 1157 3367; x_wconf 90' lang='lat' dir='ltr'>omnino</span> <span class='ocrx_word' id='word_1_145' title='bbox 1172 3316 1205 3368; x_wconf 87' lang='lat' dir='ltr'>ct</span> 
     </span>
     <span class='ocr_line' id='line_1_21' title="bbox 175 3415 1205 3501; baseline 0.003 -23"><span class='ocrx_word' id='word_1_146' title='bbox 175 3415 377 3479; x_wconf 74' lang='lat' dir='ltr'>considerate</span> <span class='ocrx_word' id='word_1_147' title='bbox 400 3415 435 3478; x_wconf 89' lang='lat' dir='ltr'>in</span> <span class='ocrx_word' id='word_1_148' title='bbox 457 3416 601 3483; x_wconf 92' lang='lat' dir='ltr'>Domino</span> <span class='ocrx_word' id='word_1_149' title='bbox 626 3417 869 3501; x_wconf 91' lang='lat' dir='ltr'>procedendum</span> <span class='ocrx_word' id='word_1_150' title='bbox 895 3429 955 3481; x_wconf 86' lang='lat' dir='ltr'>est.</span> <span class='ocrx_word' id='word_1_151' title='bbox 1000 3418 1045 3480; x_wconf 87' lang='lat' dir='ltr'>Et</span> <span class='ocrx_word' id='word_1_152' title='bbox 1069 3418 1205 3500; x_wconf 86' lang='lat' dir='ltr'>quanvis</span> 
     </span>
     <span class='ocr_line' id='line_1_22' title="bbox 174 3527 1205 3612; baseline 0.002 -23"><span class='ocrx_word' id='word_1_153' title='bbox 174 3549 287 3592; x_wconf 85' lang='lat' dir='ltr'>causas</span> <span class='ocrx_word' id='word_1_154' title='bbox 303 3528 346 3591; x_wconf 88' lang='lat' dir='ltr'>ad</span> <span class='ocrx_word' id='word_1_155' title='bbox 360 3527 582 3592; x_wconf 91' lang='lat' dir='ltr'>dimissionem</span> <span class='ocrx_word' id='word_1_156' title='bbox 598 3527 712 3612; x_wconf 86' lang='lat' dir='ltr'>dignas</span> <span class='ocrx_word' id='word_1_157' title='bbox 736 3550 773 3591; x_wconf 89' lang='lat' dir='ltr'>eo</span> <span class='ocrx_word' id='word_1_158' title='bbox 793 3528 955 3612; x_wconf 82' lang='lat' dir='ltr'>graviores</span> <span class='ocrx_word' id='word_1_159' title='bbox 977 3551 1046 3592; x_wconf 85' lang='lat' dir='ltr'>esse</span> <span class='ocrx_word' id='word_1_160' title='bbox 1067 3538 1205 3612; x_wconf 91' lang='lat' dir='ltr'>oportet,</span> 
     </span>
     <span class='ocr_line' id='line_1_23' title="bbox 175 3638 1205 3725; baseline 0.002 -23"><span class='ocrx_word' id='word_1_161' title='bbox 175 3660 238 3723; x_wconf 88' lang='lat' dir='ltr'>quo</span> <span class='ocrx_word' id='word_1_162' title='bbox 269 3638 345 3723; x_wconf 91' lang='lat' dir='ltr'>quis</span> <span class='ocrx_word' id='word_1_163' title='bbox 375 3639 495 3703; x_wconf 88' lang='lat' dir='ltr'>arctius</span> <span class='ocrx_word' id='word_1_164' title='bbox 534 3639 705 3703; x_wconf 89' lang='lat' dir='ltr'>Societatis</span> <span class='ocrx_word' id='word_1_165' title='bbox 743 3639 869 3725; x_wconf 87' lang='lat' dir='ltr'>corpori</span> <span class='ocrx_word' id='word_1_166' title='bbox 907 3639 1100 3724; x_wconf 90' lang='lat' dir='ltr'>conjunctus</span> <span class='ocrx_word' id='word_1_167' title='bbox 1130 3651 1205 3720; x_wconf 84' lang='lat' dir='ltr'>est3</span> 
     </span>
     <span class='ocr_line' id='line_1_24' title="bbox 173 3748 1205 3836; baseline 0.002 -22"><span class='ocrx_word' id='word_1_168' title='bbox 173 3748 415 3835; x_wconf 88' lang='lat' dir='ltr'>quantumlibet</span> <span class='ocrx_word' id='word_1_169' title='bbox 433 3761 543 3814; x_wconf 87' lang='lat' dir='ltr'>tamen</span> <span class='ocrx_word' id='word_1_170' title='bbox 568 3752 705 3836; x_wconf 91' lang='lat' dir='ltr'>quisque</span> <span class='ocrx_word' id='word_1_171' title='bbox 726 3751 768 3815; x_wconf 88' lang='lat' dir='ltr'>sit</span> <span class='ocrx_word' id='word_1_172' title='bbox 789 3751 994 3835; x_wconf 89' lang='lat' dir='ltr'>conjunctus,</span> <span class='ocrx_word' id='word_1_173' title='bbox 1017 3751 1052 3814; x_wconf 89' lang='lat' dir='ltr'>in</span> <span class='ocrx_word' id='word_1_174' title='bbox 1071 3751 1205 3836; x_wconf 88' lang='lat' dir='ltr'>quibus-</span> 
     </span>
     <span class='ocr_line' id='line_1_25' title="bbox 172 3861 1205 3948; baseline 0.004 -24"><span class='ocrx_word' id='word_1_175' title='bbox 172 3861 249 3924; x_wconf 87' lang='lat' dir='ltr'>dam</span> <span class='ocrx_word' id='word_1_176' title='bbox 271 3861 401 3925; x_wconf 88' lang='lat' dir='ltr'>casibus</span> <span class='ocrx_word' id='word_1_177' title='bbox 420 3862 560 3947; x_wconf 87' lang='lat' dir='ltr'>separari</span> <span class='ocrx_word' id='word_1_178' title='bbox 584 3863 625 3927; x_wconf 91' lang='lat' dir='ltr'>ab</span> <span class='ocrx_word' id='word_1_179' title='bbox 651 3885 689 3927; x_wconf 91' lang='lat' dir='ltr'>ea</span> <span class='ocrx_word' id='word_1_180' title='bbox 710 3875 831 3948; x_wconf 88' lang='lat' dir='ltr'>posset,</span> <span class='ocrx_word' id='word_1_181' title='bbox 857 3886 893 3926; x_wconf 89' lang='lat' dir='ltr'>ac</span> <span class='ocrx_word' id='word_1_182' title='bbox 914 3862 1065 3927; x_wconf 88' lang='lat' dir='ltr'>deberet:</span> <span class='ocrx_word' id='word_1_183' title='bbox 1095 3876 1133 3929; x_wconf 94' lang='lat' dir='ltr'>ut</span> <span class='ocrx_word' id='word_1_184' title='bbox 1155 3887 1205 3928; x_wconf 90' lang='lat' dir='ltr'>se-</span> 
     </span>
     <span class='ocr_line' id='line_1_26' title="bbox 172 3972 597 4057; baseline 0.009 -23"><span class='ocrx_word' id='word_1_185' title='bbox 172 3972 289 4057; x_wconf 91' lang='lat' dir='ltr'>quenti</span> <span class='ocrx_word' id='word_1_186' title='bbox 304 3972 410 4057; x_wconf 89' lang='lat' dir='ltr'>capite</span> <span class='ocrx_word' id='word_1_187' title='bbox 425 3973 597 4039; x_wconf 81' lang='lat' dir='ltr'>videbitur.</span> 
     </span>
    </p>

    <p class='ocr_par' dir='ltr' id='par_1_9' title="bbox 128 4083 1204 4171">
     <span class='ocr_line' id='line_1_27' title="bbox 128 4083 1204 4171; baseline 0.003 -25"><span class='ocrx_word' id='word_1_188' title='bbox 128 4090 147 4146; x_wconf 79' lang='grc'><em>2</em></span> <span class='ocrx_word' id='word_1_189' title='bbox 170 4083 372 4149; x_wconf 88' lang='lat' dir='ltr'>Dimittendi</span> <span class='ocrx_word' id='word_1_190' title='bbox 394 4085 530 4149; x_wconf 85' lang='lat' dir='ltr'>facultas</span> <span class='ocrx_word' id='word_1_191' title='bbox 553 4085 587 4149; x_wconf 91' lang='lat' dir='ltr'>in</span> <span class='ocrx_word' id='word_1_192' title='bbox 609 4086 787 4171; x_wconf 85' lang='lat' dir='ltr'>primisad</span> <span class='ocrx_word' id='word_1_193' title='bbox 809 4085 991 4151; x_wconf 87' lang='lat' dir='ltr'>universam</span> <span class='ocrx_word' id='word_1_194' title='bbox 1009 4087 1204 4152; x_wconf 88' lang='lat' dir='ltr'>Societatem</span> 
     </span>
    </p>
   </div>
   <div class='ocr_carea' id='block_1_9' title="bbox 0 0 1328 4732">
    <p class='ocr_par' dir='ltr' id='par_1_10' title="bbox 0 0 1328 4732">
     <span class='ocr_line' id='line_1_28' title="bbox 0 0 1328 4732; baseline 0 0"><span class='ocrx_word' id='word_1_195' title='bbox 0 0 1328 4732; x_wconf 95' lang='lat' dir='ltr'> </span> 
     </span>
    </p>
   </div>
  </div>
 </body>
</html>
