2646 4732
113 316 155 374 54
488 333 814 377 consrrruruonunr

178 498 359 563 studiorum
374 500 481 564 favore
497 522 567 580 suc,
587 500 768 586 praesertim
790 522 865 564 cum
889 499 1060 563 aRectore
1082 498 1202 581 fuerint

177 611 422 691 commendata,
437 634 637 697 promovere.
1193 600 1194 604 ¹

191 903 238 946 DE
256 903 446 963 scmNTHS,
465 905 546 952 QUAE
563 905 773 947 TRADENDAE
792 905 886 947 SUNT
903 905 942 947 IN
961 904 1121 947 UNIVER·

440 1016 633 1059 SITA'I'IBUS
651 1016 874 1059 soclurATIS.

553 1118 651 1183 CAP.
674 1119 757 1182 XII.

132 1250 147 1305 1
175 1242 259 1306 CUM
277 1242 446 1307 Societatis
461 1250 558 1327 atque
575 1243 756 1307 studiorum
777 1264 894 1328 scopus
911 1240 963 1320 sit,
978 1241 1143 1327 proximos
1158 1242 1199 1304 ad

173 1355 391 1440 cognitionem
418 1367 450 1419 et
480 1377 621 1420 amorem
646 1355 720 1434 Dei,
747 1362 780 1418 et
806 1354 943 1418 salutem
974 1376 1106 1417 suarum
1131 1354 1199 1416 ani-

164 1453 298 1529 marum
315 1467 450 1552 juvare3
473 1490 612 1552 cumque
628 1468 758 1530 adeum
774 1466 873 1529 finem
895 1465 1039 1529 medium
1059 1465 1197 1528 maxime

171 1578 339 1664 proprium
364 1579 405 1643 sit
431 1580 566 1643 facultas
592 1577 797 1662 Theologiae:
831 1577 865 1640 in
886 1578 970 1640 hane
990 1575 1196 1662 potissimum

173 1691 341 1755 Societatis
368 1691 603 1755 Universitates
629 1689 819 1753 incumbent
831 1715 841 1769 ;
875 1711 912 1752 ac
943 1688 1115 1773 diligenter
1140 1711 1198 1774 per

170 1806 304 1870 idoneos
331 1807 506 1870 admodum
533 1806 762 1890 Praeceptores,
792 1827 865 1888 quae
896 1805 937 1867 ad
962 1803 1196 1868 scholasticam

171 1917 362 1996 doctrinam,
382 1931 415 1982 et
437 1939 542 1981 sacras
566 1916 749 2002 Scripturas
771 1916 947 2002 pertinent,
974 1937 1010 1978 ac
1038 1916 1136 1979 etiam
1158 1938 1196 1978 ex

172 2031 314 2095 Positiva
328 2053 401 2114 quae
417 2030 561 2093 adhunc
576 2030 676 2094 finem
691 2029 786 2093 nobis
805 2029 976 2115 praefixum
999 2028 1196 2092 conveniunt
1215 2005 1219 2013 ¹

171 2143 249 2225 (non
265 2142 455 2227 attingendo
477 2153 587 2204 tamen
609 2163 680 2204 eam
695 2148 821 2226 partem
839 2141 1022 2218 Canonum‚
1038 2161 1111 2224 quae
1126 2140 1194 2204 foro

168 2239 371 2318 contentioso
386 2253 530 2336 inservit)
548 2252 805 2338 pertractabunt.

125 2373 144 2428 2
169 2366 213 2429 Et
229 2366 304 2450 quia
319 2376 386 2429 tam
403 2363 551 2428 doctrina
564 2364 761 2448 Theologiae,
781 2363 878 2448 quam
900 2362 970 2447 ejus
992 2384 1072 2426 usus
1095 2362 1195 2447 exigit

171 2477 233 2560 (his
255 2476 435 2561 praesertim
457 2475 670 2560 temporibus)
695 2474 875 2538 litterarum
897 2473 1139 2554 humaniorum,
1161 2486 1193 2537 et

167 2589 294 2653 Latinae
321 2611 358 2652 ac
386 2589 521 2668 Graecae,
552 2599 584 2651 et
612 2588 782 2651 Hebraicae
806 2588 927 2674 linguae
955 2586 1192 2673 cognitionemz

166 2702 282 2764 harum
298 2700 395 2764 etiam
410 2700 518 2765 idonei
535 2694 734 2764 Professores
750 2711 782 2764 et
799 2700 930 2784 quidem
947 2699 1038 2784 justo
1057 2722 1193 2764 numero

167 2813 416 2877 constituentur.
460 2812 607 2876 Aliarum
629 2823 785 2897 praeterea
806 2811 1002 2897 linguarum,
1017 2794 1123 2896 qualis
1143 2824 1193 2876 est

166 2923 327 3004 Caldaica‚
349 2923 497 3003 Arabica,
520 2936 552 2988 et
573 2924 697 3012 Indica,
724 2924 782 2987 ubi
811 2924 999 2988 necessariae
1021 2923 1074 2987 vel
1094 2923 1192 2988 utiles

165 3037 206 3099 ad
236 3037 360 3101 dictum
390 3038 488 3100 finem
518 3037 715 3116 viderentur,
748 3036 859 3099 habita
886 3035 1056 3120 regionum
1087 3036 1192 3101 diver-

166 3170 285 3228 sarum,
310 3157 343 3211 et
373 3170 554 3227 causarum,
585 3171 658 3232 quae
682 3149 724 3211 ad
750 3169 803 3211 eas
834 3147 1017 3212 docendum
1046 3159 1191 3226 movent,

163 3261 298 3340 ratione,
313 3273 444 3346 possent
464 3261 683 3345 Praeceptores
699 3259 863 3323 constitui.

119 3382 138 3438 3
165 3373 218 3437 Sic
234 3372 330 3436 etiam
351 3373 504 3456 quoniam
519 3373 627 3450 Artes,
642 3372 693 3436 vel
709 3371 859 3436 Scientiae
879 3370 1040 3434 naturales
1058 3370 1191 3456 ingenia

163 3485 342 3570 disponunt
358 3484 399 3548 ad
413 3482 633 3567 Theologiam,
652 3494 684 3546 et
707 3483 749 3546 ad
770 3484 945 3569 perfectam
969 3481 1190 3566 cognitionem

163 3610 195 3662 et
211 3621 307 3662 usum
321 3597 408 3660 illius
423 3596 612 3676 inserviunt,
623 3607 655 3660 et
670 3619 729 3681 per
744 3597 864 3682 seipsas
880 3597 922 3659 ad
937 3597 1077 3660 eundem
1088 3597 1189 3659 finem

156 3713 300 3797 juvant3
334 3732 398 3796 qua
424 3711 590 3795 diligentia
615 3732 674 3796 par
700 3722 759 3789 est,
784 3723 816 3775 et
831 3713 901 3796 'per
930 3710 1074 3774 eruditos
1101 3710 1190 3773 Prae-

163 3835 319 3907 ceptores,
342 3823 377 3885 in
401 3822 552 3886 omnibus
580 3844 711 3908 syncere
735 3823 890 3887 honorem
913 3833 945 3886 et
967 3821 1103 3907 gloriam
1125 3821 1189 3885 Dei

161 3937 345 4021 quaerendo,
360 3946 548 4000 tractentur.
