2646 4732
491 369 815 412 CONSTITUTIONUM

248 608 296 651 DE
314 607 572 653 SCHOLASTIGIS
590 607 760 650 ADMISSIS
778 604 1071 650 CONSERVANDIS·

574 712 671 776 CAP.
696 711 755 775 lV.

140 844 154 898 1
180 837 236 900 An
259 859 365 900 rerum
388 836 614 922 temporalium
634 848 666 900 et
688 848 893 900 externarum
916 854 954 898 ac
981 830 1207 918 Collegialium

180 948 456 1012 conservationem
470 949 505 1011 in
520 948 559 1011 iis
575 971 647 1032 quae
671 949 712 1012 ad
732 969 849 1033 corpus
871 945 1047 1032 pertinent,
1062 945 1152 1030 quod
1173 943 1207 1008 in

180 1059 289 1124 Tertia
299 1060 392 1124 Parte
406 1060 529 1124 dictum
539 1072 599 1140 est,
609 1059 756 1124 sufficiet.
784 1059 825 1123 Id
839 1066 949 1122 tamen
964 1055 1119 1143 peculiari
1131 1077 1208 1120 cura

181 1170 502 1236 animadvertendum
516 1171 587 1250 erit,
603 1183 640 1236 ut
656 1170 856 1256 temporibus
871 1168 1049 1253 valetudini
1064 1168 1207 1254 corporis

181 1283 395 1349 incommodis
405 1285 595 1350 Scholastici
610 1307 677 1349 non
693 1285 856 1364 studeant,
868 1290 906 1347 ut
917 1304 1031 1347 somno
1046 1291 1207 1367 quantum

181 1396 335 1482 temporis
366 1397 443 1461 satis
473 1397 526 1477 sit,
557 1397 721 1477 tribuant3
759 1404 793 1461 et
828 1397 862 1460 in
893 1395 1057 1460 laboribus
1086 1394 1207 1458 mentis

183 1498 316 1572 modum
339 1522 477 1575 servent.
523 1509 576 1573 Sic
597 1510 684 1573 enim
705 1510 774 1591 fiet,
795 1520 834 1573 ut
855 1508 976 1573 diutius
999 1507 1033 1572 in
1051 1506 1115 1572 illis
1134 1528 1208 1593 per·

185 1643 328 1687 severare
352 1635 419 1686 tam
449 1623 483 1686 in
513 1621 628 1687 litteris
659 1622 874 1703 addiscendis,
900 1623 998 1707 quim
1023 1622 1058 1685 in
1084 1621 1207 1686 eisdem

182 1735 368 1799 exercendis
383 1736 424 1799 ad
439 1735 504 1800 Dei
518 1734 652 1822 gloriam
666 1735 804 1821 possint.

142 1850 160 1906 2
185 1845 284 1911 Quod
299 1847 414 1912 attinet
430 1849 471 1911 ad
486 1847 664 1933 spiritualia
673 1873 683 1927 ;
705 1848 817 1912 eadem
832 1848 892 1912 erit
913 1847 995 1911 ratio
1011 1869 1135 1926 eorum,
1151 1846 1208 1931 qui
1231 1839 1234 1845 ’

183 1956 218 2019 in
234 1957 398 2044 collegiis,
413 1968 446 2024 et
460 1959 518 2044 qui
531 1959 566 2022 in
581 1959 744 2024 Domibus
759 1960 986 2039 admittuntur,
1002 1958 1159 2043 quamdiu
1173 1958 1207 2022 in

183 2070 429 2154 probationibus
443 2082 622 2138 versantur.
658 2073 736 2137 Post
750 2071 985 2158 probationem,
1000 2071 1075 2134 cirm
1092 2066 1207 2135 studiis

182 2194 309 2262 vacant,
317 2194 356 2247 ut
370 2194 420 2248 est
435 2185 626 2265 cavendum,
637 2206 678 2248 ne
692 2184 815 2249 fervore
831 2183 1012 2248 studiorum
1027 2182 1207 2267 intepescat

182 2293 357 2359 solidarum
371 2296 540 2375 virtutum,
556 2318 593 2360 ac
611 2296 768 2381 religiosae
790 2295 865 2360 vitae
888 2317 998 2374 am0r3
1028 2294 1074 2358 ita
1094 2295 1207 2359 morti-

181 2406 398 2487 ficationibus,
421 2408 631 2488 orationibus,
657 2430 694 2471 ac
713 2407 978 2473 meditationibus
1002 2407 1146 2494 prolixis,
1169 2430 1206 2472 eo

181 2527 326 2602 tempore
341 2540 408 2582 non
428 2519 507 2583 adeo
529 2519 669 2583 multum
691 2519 754 2584 loci
776 2520 946 2584 tribuetur.
992 2519 1205 2604 Quandoqui-

181 2628 256 2691 dem
277 2628 393 2693 litteris
417 2630 491 2694 dare
516 2653 657 2716 operam,
681 2654 754 2717 quae
777 2654 912 2717 syncera
931 2654 1006 2696 cum
1025 2631 1205 2697 intentione

181 2739 281 2803 divini
296 2741 417 2806 servitii
433 2743 654 2824 addiscuntur,
670 2751 702 2808 et
717 2745 956 2829 quodammodo
971 2755 1078 2808 totum
1100 2744 1204 2808 homi-

180 2872 256 2915 nem
270 2851 450 2937 requirunt,
464 2876 532 2918 non
547 2855 666 2936 minus,
681 2878 780 2940 quam
795 2855 828 2918 in
843 2855 906 2919 illis
921 2854 1040 2921 versari
1059 2863 1205 2942 tempore

182 2963 375 3044 studiorum,
398 2964 464 3030 imb
489 2968 592 3053 magis
616 2969 688 3032 Deo
715 2990 752 3032 ac
776 2968 920 3032 Domino
944 2978 1055 3033 nostro
1075 2979 1203 3054 gratum

181 3075 251 3142 erit.

132 3195 157 3254 -3
182 3189 297 3274 Itaque
312 3202 430 3276 praeter
445 3203 645 3256 sacramenta
661 3192 881 3257 Confessionis
904 3215 940 3258 ac
956 3193 1204 3259 Communionis

184 3302 237 3385 (ad
252 3323 325 3387 quae
348 3310 461 3367 octavo
484 3325 612 3389 quoque
634 3304 685 3368 die
709 3305 928 3369 accedendum
951 3305 1022 3389 erit)
1041 3317 1073 3370 et
1088 3318 1205 3392 praeter

181 3413 332 3495 Missam,
354 3436 452 3500 quam
470 3415 614 3500 quotidie
638 3416 795 3497 audient3
824 3418 938 3483 horam
960 3440 1060 3482 unam
1078 3419 1203 3505 impen-

179 3524 258 3590 dent
265 3526 430 3591 recitando
442 3527 643 3594 Beatissimae
648 3527 792 3615 Virginis
808 3530 923 3612 officio,
936 3552 973 3595 ac
982 3530 1203 3596 examinandis

177 3637 228 3702 bis
248 3639 392 3724 quotidie
415 3640 482 3704 suis
507 3641 712 3707 conscientiis
735 3643 808 3707 crim
832 3643 902 3708 aliis
924 3644 1125 3709 orationibus
1145 3666 1203 3731 pro

178 3748 335 3836 cujusque
351 3751 514 3816 devotioni
537 3775 640 3838 usque
663 3754 705 3818 ad
726 3755 915 3840 praedictam
936 3757 1049 3820 horam
1072 3757 1203 3842 explen-

179 3860 264 3940 dam,
277 3861 303 3924 si
319 3864 446 3947 expleta
461 3885 526 3927 non
542 3865 649 3930 fuerit.
695 3865 778 3932 Quae
793 3867 903 3932 omnia
919 3867 1015 3953 juxta
1030 3869 1204 3933 ordinatio-

178 3993 253 4035 nem
268 3994 305 4037 ac
322 3972 484 4058 judicium
499 3976 658 4061 majorum
683 3999 826 4057 snorum,
842 3979 961 4065 quibus
986 3981 1203 4047 obedientiam

182 4085 299 4150 carati
314 4087 380 4153 loco
395 4097 547 4174 praestare
563 4089 693 4171 debent,
708 4091 837 4158 facient.
