2646 4732
512 357 604 408 rans
627 364 775 410 reama,
1145 355 1185 417 13

170 522 349 608 siderantes,
364 528 399 591 in
422 528 592 593 devotione
615 543 780 611 crescant3
811 533 985 616 Deumque
1007 536 1187 601 Dominum

167 649 307 703 nostrum
336 639 482 719 laudent,
511 661 608 724 quem
638 642 774 726 quisque
803 642 838 705 in
869 643 941 722 alio,
973 655 1011 708 ut
1039 645 1073 708 in
1101 647 1188 713 illius

165 750 310 836 imagine,
325 773 500 837 agnoscere
516 753 656 817 studeat.

131 863 200 926 6111
226 864 403 929 refectione
434 865 577 950 corporis
607 867 786 930 curandum
811 879 870 947 est,
898 880 936 931 ut
962 871 1186 954 temperantia,

162 974 328 1054 modestia,
352 985 386 1039 et
404 975 550 1039 decentia
575 975 721 1056 interius,
751 989 784 1041 et
808 979 947 1042 exterius
976 979 1011 1042 in
1036 980 1186 1045 omnibus

93 1070 94 1080 ¹
160 1087 358 1151 observetur.
403 1087 624 1152 Praemittatur
652 1089 846 1168 benedictio,
873 1102 905 1153 11
928 1103 1081 1175 sequatur
1103 1094 1186 1158 actio

160 1201 347 1286 gratiarum,
366 1223 447 1285 quas
470 1223 583 1265 omnes
602 1224 696 1287 agere
719 1202 839 1266 debent
861 1226 936 1267 cum
958 1227 1006 1283 ea,
1033 1228 1106 1290 quae
1128 1229 1188 1292 par

159 1322 217 1390 est,
245 1311 418 1376 devotione
448 1323 481 1375 et
508 1313 695 1377 reverentia.
740 1314 786 1376 Et
810 1314 888 1377 dum
912 1337 1030 1400 corpus
1060 1317 1185 1383 edendo

158 1423 325 1502 reiicitur3
363 1444 430 1486 sua
451 1423 547 1487 etiam
578 1424 693 1487 animis
729 1425 859 1488 refectio
896 1425 1078 1510 praebeatur
1103 1429 1185 1494 libro
1284 1434 1298 1459 ³

159 1535 264 1620 aliquo
278 1535 335 1621 pio
350 1536 471 1620 potius,
487 1558 584 1620 quam
607 1536 739 1615 difficili,
755 1558 852 1620 quem
876 1560 1001 1623 capere,
1024 1552 1057 1604 et
1079 1563 1097 1605 e
1120 1564 1184 1625 quo

159 1670 270 1712 omnes
288 1647 397 1733 juvari
417 1649 545 1733 possint
566 1649 703 1734 legendo
715 1675 725 1727 3
752 1650 802 1713 vel
823 1650 858 1712 id
880 1652 1034 1736 temporis
1057 1653 1184 1739 aliquis,
1222 1677 1223 1680 ¹

159 1761 209 1824 cui
224 1783 244 1824 a
258 1759 431 1845 Superiore
447 1760 481 1823 id
495 1759 693 1846 injungetur,
710 1761 974 1841 concionabitur3
996 1764 1048 1827 vel
1062 1764 1184 1850 aliquid

160 1871 260 1936 simile
275 1872 318 1935 ad
333 1870 398 1935 Dei
412 1871 546 1956 gloriam
561 1873 628 1936 fiet.

128 1989 144 2045 6
164 1983 286 2048 Omnes
303 1983 448 2069 quandiu
464 2002 596 2069 corpore
610 1983 692 2048 bene
707 1984 827 2064 valent,
842 1984 876 2047 in
896 1985 1118 2070 spiritualibus
1132 1989 1184 2053 vel

160 2094 367 2160 exterioribus
382 2094 479 2159 rebus
494 2095 635 2159 habeant
654 2095 689 2158 in
712 2116 776 2179 quo
799 2107 1008 2180 occupentur.
1053 2098 1109 2177 Et,
1124 2100 1181 2184 qui

162 2207 299 2271 officium
319 2206 371 2270 vel
392 2205 607 2270 ministerium
629 2205 760 2289 aliquod
782 2216 905 2269 certum
927 2206 1059 2286 habent,
1080 2218 1119 2270 ut
1141 2209 1181 2272 de

164 2318 275 2382 auxilio
291 2317 529 2402 providendum
544 2327 594 2380 est
608 2316 665 2395 eis,
681 2316 708 2379 si
724 2317 766 2380 sit
782 2315 997 2380 necessarium
1006 2342 1016 2396 3
1038 2317 1084 2381 ita
1106 2339 1180 2382 cum

164 2441 283 2509 vacant,
293 2428 364 2492 aliis
378 2428 476 2492 rebus
491 2428 642 2513 occupari
657 2427 831 2507 deberent3
853 2449 894 2491 ne
910 2427 1014 2492 otium
1022 2428 1181 2494 malorum

165 2542 304 2606 omnium
320 2540 421 2625 origo,
433 2541 541 2623 quoad
552 2541 621 2626 ejus
630 2539 700 2603 fieri
715 2538 829 2623 possit,
841 2539 928 2603 domi
944 2552 1063 2606 nostrae
1073 2541 1181 2607 looum

166 2653 286 2718 habeat.

138 2765 150 2838 7
167 2766 209 2831 111
223 2761 361 2852 experiri
376 2762 533 2851 incipiant
554 2773 668 2830 sancte
682 2765 890 2847 Paupertutis
907 2762 1071 2847 virtutem,
1087 2767 1182 2832 doce·

167 2891 254 2944 antur
265 2901 390 2959 omnes,
402 2879 491 2963 quod
505 2877 595 2942 nulla
604 2900 639 2941 re
654 2890 810 2961 tanquam
824 2877 956 2963 propria
966 2879 1016 2943 uti
1028 2880 1181 2960 debeant3

168 2992 295 3076 quanvis
310 3013 443 3055 necesse
458 3013 524 3054 non
540 2989 583 3053 sit
597 2989 798 3074 probationis
812 3000 957 3074 tempore
976 2991 1181 3074 possessione

167 3100 319 3167 bonorum
334 3124 469 3166 suorum
480 3123 513 3165 se
526 3099 689 3179 abdicare3
707 3100 770 3163 nisi
784 3099 819 3163 id
837 3099 990 3184 Superior
1003 3111 1079 3185 post
1095 3101 1182 3187 elap-

168 3236 231 3279 sum
241 3216 386 3300 primum
401 3234 524 3278 annum
533 3213 664 3298 juberet
672 3212 825 3298 judicans
839 3212 875 3275 in
889 3211 1076 3298 hujusmodi
1087 3213 1182 3277 bonis

168 3328 377 3391 tentationum
392 3326 593 3391 occasionem
613 3336 646 3389 et
667 3325 776 3388 minus
797 3324 987 3409 proficiendi
1009 3324 1043 3388 in
1066 3325 1183 3411 spiritu

168 3440 276 3504 habere
292 3439 443 3524 aliquem,
458 3449 496 3502 ut
511 3437 566 3522 qui
580 3437 644 3501 illis
660 3438 822 3501 adhaereat
841 3437 948 3521 aliquo
970 3437 1182 3502 immoderato

169 3571 266 3615 amore
288 3550 340 3614 vel
361 3549 579 3629 confidentia3
602 3560 634 3613 et
657 3560 736 3612 tunc
759 3548 814 3632 qui
837 3570 870 3612 se
891 3549 979 3612 exuit
993 3548 1088 3611 bonis
1104 3549 1181 3629 suis,

168 3673 312 3746 sequatur
324 3661 447 3726 Christi
462 3659 608 3724 consilia:
630 3681 690 3744 pro
703 3681 761 3722 sua
775 3667 884 3723 tamen
900 3658 1068 3723 devotione
1078 3659 1182 3724 adhoc

167 3775 279 3858 potius,
294 3774 392 3858 quam
406 3772 488 3836 illud
503 3795 584 3858 opus
606 3771 790 3856 dispensare
813 3771 899 3834 bona
921 3791 989 3849 sua,
1004 3769 1055 3833 vel
1070 3792 1182 3835 eorum

167 3898 284 3970 partem
299 3885 420 3972 poterit
431 3910 441 3963 ;
462 3892 560 3969 prout
581 3883 774 3947 intellexerit
796 3882 837 3945 ad
860 3881 1006 3946 divinum
1028 3882 1182 3968 benepla-

166 3997 259 4062 citum
274 3997 379 4083 magis
395 3995 584 4074 convenire;
605 3994 693 4058 utin
708 3993 866 4058 Examine
882 3992 1005 4057 dictum
1021 4005 1079 4057 est.

133 4109 347 4195 lintelligant
374 4111 471 4175 etiam
495 4110 584 4194 qubd
612 4108 727 4172 mutuo
760 4108 846 4186 dare,
871 4106 923 4170 vel
952 4106 1105 4192 accipere,
1130 4106 1182 4170 vel

615 4226 670 4284 ⁰²
1102 4320 1264 4448 Α
