2646 4732
482 346 808 392 contrtrurwnun

180 536 275 578 suum
298 525 434 592 mutare,
461 535 521 576 nec
547 524 678 598 peracta
701 511 856 576 electione
879 510 974 575 aliam
994 521 1141 575 tentare:
1174 521 1205 574 et

178 626 337 706 observet,
353 648 426 711 quae
441 625 528 689 dicta
544 636 632 704 sunt,
648 625 704 709 qui
720 624 843 688 dissidii
859 645 896 687 ac
915 622 1018 688 ruinae
1034 624 1205 688 Societatis

179 738 296 802 author
324 737 446 817 haberi,
470 749 503 801 et
532 736 566 800 in
596 759 726 821 poenam
761 734 1103 800 excommunicationis
1131 735 1205 799 latae

178 849 347 913 sententiae
361 848 512 927 incidere,
529 848 669 933 aliasque
686 870 798 933 graves
822 868 973 911 censuras
995 868 1059 932 pro
1071 845 1204 911 arbitrio

180 961 349 1026 Societatis
383 961 447 1045 (cui
475 961 564 1040 unio,
595 973 628 1024 et
658 960 830 1024 concordia
859 959 1045 1023 omnimoda
1070 959 1113 1023 ad
1143 958 1206 1022 Dei

180 1074 314 1159 gloriam
330 1073 492 1155 convenit)
512 1072 619 1136 subire
635 1070 726 1136 nolit.

140 1481 187 1522 DE
206 1481 307 1523 MODO
325 1483 364 1523 IN
382 1480 750 1525 DELIBERATIONIBUS
767 1479 954 1539 TENENDO,
971 1480 1127 1528 QUANDO
1143 1480 1190 1524 IN'

207 1592 520 1635 GONGREGATIONE
538 1592 731 1636 GENERALI
749 1591 823 1636 NON
842 1592 890 1635 DE
907 1591 1118 1637 ELECTIONE

267 1704 480 1762 PRAEPOSITI,
498 1704 564 1746 SED
581 1703 680 1746 ALIIS
697 1704 744 1745 DE
763 1704 881 1748 REBUS
899 1703 1052 1747 Antron.

559 1821 657 1886 CAP.
679 1821 760 1886 VII.

139 1965 153 2020 l
180 1957 260 2021 Odor
282 1958 317 2021 in
335 1958 592 2044 Congregationc
614 1982 682 2024 non
705 1961 744 2023 de
767 1960 921 2024 ¹electione
945 1960 1126 2045 Praepositi,
1150 1961 1211 2024 sed*

180 2071 250 2136 aliis
277 2072 316 2134 de
340 2071 436 2134 rebus
463 2071 626 2156 gravibus,
651 2073 747 2136 etad
770 2072 1082 2137 statumSocietatis
1106 2073 1206 2158 perti·

95 2164 98 2170 ⁵
180 2182 333 2247 nentibus
355 2183 481 2268 agitur3
515 2183 653 2247 inclusio
675 2184 855 2248 necessaria
877 2206 943 2248 non
964 2183 1042 2248 erit:
1064 2183 1142 2248 licet
1165 2184 1207 2248 sit

178 2295 370 2374 curandum,
400 2307 449 2375 ut,
479 2317 578 2379 quam
608 2295 847 2381 expeditissime
877 2295 947 2359 fieri
975 2295 1107 2380 poterit,
1132 2318 1214 2380 quae>

179 2408 348 2471 tractanda
378 2420 465 2487 sunt,
496 2409 714 2474 absolvantur.
762 2410 826 2474 Sed
856 2409 932 2495 quia
961 2432 1001 2474 ex
1037 2409 1144 2495 prima
1175 2421 1207 2474 et

179 2541 306 2582 summa
321 2519 487 2604 Sapientia
501 2510 676 2584 descendat
699 2528 827 2606 oportet
848 2521 905 2584 lux
927 2543 974 2600 ea,
991 2543 1056 2606 qua
1086 2521 1206 2606 dijudi-

179 2630 244 2693 cari
258 2631 373 2714 possit,
389 2631 468 2716 quid
483 2643 624 2707 statuere
640 2632 829 2712 conveniat3
852 2633 886 2696 in
901 2633 1014 2718 primis
1025 2633 1206 2698 Missarum

179 2733 335 2804 sacrificia
355 2743 549 2822 offerentur3
583 2744 703 2826 fietque
724 2743 826 2808 oratio
847 2743 882 2807 in
904 2744 975 2809 loco
992 2744 1207 2830 Congregati-

179 2852 261 2931 onis,
277 2865 309 2916 et
325 2852 393 2916 aliis
408 2854 555 2938 partibus
572 2854 741 2918 Societatis
763 2877 823 2940 per
843 2863 950 2920 totum
967 2855 1050 2919 illud
1064 2866 1207 2942 tempus,

179 2985 244 3047 quo
260 2976 507 3048 congregantur,
523 2977 556 3029 et
571 2988 636 3050 quo
651 2973 832 3031 tractantur
853 2990 903 3031 res
925 2966 960 3031 in
976 2990 1013 3031 eo
1031 2967 1207 3033 Conventu

179 3074 382 3155 definiendae,
398 3077 439 3140 ad
453 3077 589 3162 gratiam
604 3078 862 3165 impetrandam
892 3093 930 3144 ut
952 3080 1061 3146 omnia
1080 3081 1123 3146 ad
1138 3103 1207 3144 ma-

174 3187 280 3272 jorem
297 3189 360 3252 Dei
376 3190 510 3274 gloriam
525 3192 775 3257 constituantur.

137 3307 157 3362 2
180 3300 308 3364 Deinde
325 3301 424 3365 semel
439 3314 495 3365 aut
511 3302 630 3387 saepius
647 3304 797 3368 omnibus
814 3309 1027 3390 congregatis,
1045 3306 1207 3391 Praeposi-

178 3421 232 3474 tus
256 3410 434 3491 Generalis,
457 3413 572 3476 deinde
597 3415 822 3504 Provinciales,
839 3418 1004 3495 Rectores,
1021 3416 1140 3501 aliique
1163 3419 1206 3482 ad

180 3522 472 3608 congregationem
496 3526 611 3605 vocati,
639 3548 711 3611 quae
738 3527 783 3591 eis
807 3529 977 3592 tractanda
996 3528 1207 3609 videbuntur,

179 3634 383 3719 rationesque
410 3658 532 3716 eorum,
560 3661 633 3722 quae
659 3640 815 3720 sentiunt,
837 3649 1013 3725 postquam
1035 3641 1209 3726 diligenter

180 3745 288 3809 omnia
311 3746 594 3827 consideraverint,
613 3772 650 3813 ae
673 3753 745 3815 Deo
764 3764 796 3815 et
816 3752 960 3816 Domino
981 3763 1093 3816 nostro
1118 3775 1209 3818 com-

181 3857 413 3936 mendaverint,
440 3881 548 3923 coram
575 3862 726 3926 omnibus
751 3862 891 3928 breviter
916 3876 1124 3950 proponent3
1163 3866 1210 3930 Et

181 3977 355 4051 postquam
367 3970 506 4034 dixerint
522 3973 715 4038 sententiam
732 3996 833 4056 suam,
846 3975 915 4060 ejus
931 3997 1093 4040 summam
1105 3977 1211 4063 scrip·
