2646 4732
516 347 608 393 raas
633 348 785 398 ournra.
1149 333 1190 394 69

168 523 242 598 peto
268 513 469 599 suppliciter,
495 523 533 578 ut
556 516 618 580 hoc
644 516 870 580 holocaustum
895 513 930 579 in
960 515 1091 580 odorem
1118 537 1192 579 sua-

167 623 272 687 vitatis
287 624 457 689 admittere
473 625 635 710 digneris;
666 634 709 705 et,
731 639 769 690 ut
789 626 925 712 largitus
948 649 982 690 es
1000 628 1042 689 ad
1058 627 1121 690 hoc
1136 626 1191 690 de-

167 734 373 798 siderandum
403 749 436 799 et
466 737 677 816 offerendum,
707 737 752 801 sio
783 738 878 801 etiarn
910 738 952 800 ad
981 737 1189 822 explendum,

167 845 299 930 gratiam
314 846 448 910 uberem
463 847 628 932 largiaris3
652 849 775 926 Romae,
792 849 841 911 vel
857 848 943 927 alibi,
958 847 1014 911 tali
1028 849 1111 927 loco,
1127 848 1189 925 die,

166 980 285 1038 mense,
295 970 328 1022 et
343 980 440 1023 anno.
486 960 564 1023 Post
579 960 649 1023 haeo
665 958 809 1044 perinde,
819 971 857 1023 ut
872 959 936 1038 alii,
948 959 1188 1024 sanctissimum

166 1068 286 1134 Christi
308 1093 427 1156 corpus
450 1083 600 1150 sument3
631 1079 664 1135 et
686 1072 820 1155 reliqua,
835 1094 908 1156 quae
932 1072 1079 1158 superius
1102 1072 1189 1136 diota

166 1194 251 1262 sunt,
266 1195 475 1268 peragentur.

129 1300 144 1355 5
165 1295 340 1378 Postquam
361 1295 477 1378 aliquis
499 1294 536 1357 in
554 1315 672 1380 corpus
696 1293 865 1360 Societatis
884 1306 1069 1382 co-optatus
1090 1294 1187 1360 fuerit

162 1406 193 1468 in
213 1407 321 1491 aliquo
348 1407 461 1492 gradu,
486 1406 528 1469 ad
554 1406 652 1470 alium
678 1408 829 1492 progredi
850 1431 960 1472 curare
981 1431 1047 1472 non
1070 1408 1186 1487 debet3

163 1517 216 1580 sed
238 1517 274 1581 in
300 1540 359 1582 suo
384 1518 505 1603 perfici,
532 1530 565 1582 et
591 1518 746 1603 obsequio
765 1518 828 1582 Dei
851 1532 884 1583 et
901 1519 1012 1604 gloriae
1035 1542 1104 1584 sese
1123 1519 1185 1582 im-

161 1625 310 1714 pendere,
333 1652 371 1694 ac
388 1630 562 1715 Superiori,
582 1630 637 1715 qui
659 1633 778 1695 seilicet
804 1633 923 1695 Christi
938 1633 1066 1695 Domini
1085 1634 1186 1696 nostri

160 1744 238 1806 vices
255 1744 354 1826 perit,
369 1764 479 1806 curam
494 1743 630 1807 aliorum
645 1743 791 1806 omniurn
805 1743 996 1827 relinquere.

127 1858 143 1914 6
162 1851 224 1920 Qui
242 1853 279 1916 in
304 1852 455 1918 domibus
480 1865 661 1934 versantur,
686 1866 762 1939 post
785 1853 953 1918 biennium
974 1865 1050 1918 vota
1072 1853 1183 1917 eadem

161 1965 314 2045 emittere,
335 1986 409 2048 quae
432 1965 633 2045 Scholastici,
653 1976 686 2028 et
709 1965 839 2029 Christo
855 1965 998 2029 Domino
1019 1974 1130 2028 nostro
1149 1986 1183 2027 se

162 2075 359 2161 obstringere
385 2075 529 2155 debent3
564 2087 597 2139 et
622 2075 666 2155 id,
691 2076 827 2159 quanvis
859 2075 974 2139 studiis
998 2074 1183 2160 applicandi

160 2207 220 2251 non
234 2187 419 2267 videantur,
435 2209 495 2251 neo
510 2187 670 2271 expedire,
686 2198 723 2249 ut
746 2199 813 2250 tam
831 2186 897 2250 cito
919 2186 953 2249 in
969 2184 1181 2269 coadjutores

160 2297 321 2377 formatos,
335 2298 388 2362 vel
404 2299 568 2362 Professos
585 2297 809 2376 admittantur,
824 2297 1036 2361 existimetur.
1082 2296 1181 2362 Quod

161 2409 185 2471 si
211 2411 285 2494 quis
316 2410 448 2495 propria
476 2410 636 2494 impulsus
674 2409 843 2473 devotione
881 2421 955 2473 ante
985 2408 1019 2473 id
1049 2418 1180 2494 tempus

160 2518 275 2585 biennii
299 2521 396 2586 vellet
418 2521 502 2586 votis
528 2543 561 2584 se
586 2522 659 2584 Deo
685 2521 797 2584 offerre
809 2545 819 2598 ;
849 2520 985 2584 eandem
1007 2520 1179 2584 formulam

160 2632 243 2715 sequi
265 2632 408 2717 poterit3
438 2644 471 2696 et
494 2654 562 2696 uno
583 2632 650 2696 voti
677 2632 727 2696 sui
750 2632 862 2717 scripti
888 2632 1035 2717 exemplo
1059 2632 1179 2697 tradito

161 2741 329 2828 Superiori,
350 2743 486 2808 alterum
512 2765 613 2829 penes
640 2765 674 2806 se
699 2743 856 2822 retineat3
883 2751 921 2806 ut
945 2744 1024 2828 quid
1048 2743 1120 2808 Deo
1141 2766 1178 2808 ao
1252 2744 1255 2749 ’

160 2852 295 2917 Domino
317 2865 430 2918 nostro
445 2853 609 2933 obtulerit,
624 2854 819 2918 recordetur.
864 2854 910 2918 Et
925 2854 1043 2919 adhoc
1058 2855 1177 2940 ipsum,

160 2963 313 3049 simulque
345 2966 386 3029 ad
415 2965 619 3030 devotionern
649 2966 831 3050 augendam
862 2967 1015 3043 conferet,
1046 2966 1177 3030 statutis

159 3076 347 3158 quibusdam
371 3077 572 3163 temporibus
603 3099 677 3161 quae
703 3099 846 3162 congrua
869 3076 1076 3152 videbuntur,
1101 3087 1177 3139 vota

159 3207 212 3251 sua
223 3211 388 3254 renovare.
435 3189 533 3255 Quod
548 3189 680 3273 quidem
701 3201 849 3265 nonest,
874 3188 1069 3273 obligatione
1092 3208 1175 3250 nova

160 3318 189 3359 se
208 3299 419 3385 obstringere,
435 3301 492 3364 sed
514 3299 595 3384 ejus,
620 3321 685 3384 qua
712 3299 859 3365 obstricti
882 3298 1014 3365 suntin
1030 3297 1174 3361 Domino

159 3412 320 3491 reeordari,
335 3423 432 3497 atque
447 3413 583 3477 eandem
598 3412 798 3476 confirmare.
