2646 4732
488 366 814 410 CONSTITU'I'IONUM
883 414 885 417 ¹

181 532 387 596 scholasticos
409 531 628 609 celebrandos,
655 543 687 593 et
710 530 846 615 gradum
869 527 1046 613 magisterii
1068 527 1204 613 suscipi-

179 645 300 708 endum
315 644 365 722 iis,
377 643 433 727 qui
448 664 523 706 eum
538 642 721 727 suscepturi
736 653 824 719 sunt,
833 640 1042 724 relinquetur.
1078 639 1204 704 Cursus

180 756 306 840 integer
320 755 418 818 trium
435 755 495 819 erit
509 773 669 818 annorum
685 775 760 816 cum
783 752 917 816 dimidio
940 774 1043 835 usque
1065 751 1108 814 ad
1129 773 1205 836 pro-

180 866 356 930 motionem
372 867 413 929 ad
427 865 659 952 magisterium.
705 863 848 948 Singulis
870 874 979 926 autem
1001 862 1096 926 annis
1117 883 1204 925 unus

180 976 367 1062 hujusmodi
396 999 509 1040 cursus
547 974 761 1053 inchoabitur,
799 987 831 1038 et
869 974 951 1037 alius
988 995 1063 1037 oum
1094 973 1204 1038 divino

181 1087 299 1151 auxilio
315 1087 508 1151 absolvetur.

137 1207 155 1262 3
179 1199 364 1284 Theologiae
385 1198 579 1262 curriculum
605 1220 661 1261 sex
685 1197 778 1261 annis
802 1197 981 1262 emetietur.
1027 1196 1068 1259 In
1091 1195 1205 1281 primis

181 1322 318 1394 quatuor
333 1332 370 1374 ea
392 1310 510 1388 omnia,
533 1331 606 1394 quae
628 1308 692 1394 legi
715 1308 887 1394 oportebit,
909 1309 1147 1394 praelegentur3
1170 1307 1203 1370 in

181 1422 308 1485 duobus
338 1421 481 1505 reliquis,
510 1430 628 1505 praeter
656 1420 894 1506 repetitionem,
924 1430 1016 1483 actus
1046 1419 1133 1483 soliti
1164 1419 1205 1482 ad

180 1532 317 1616 gradum
340 1532 525 1596 doctoratus
549 1532 584 1594 in
610 1531 661 1609 iis,
684 1531 739 1615 qui
761 1531 972 1617 promovendi
995 1541 1083 1609 sunt,
1099 1529 1205 1594 absol-

179 1648 306 1707 ventur.
353 1643 477 1708 Quarto
489 1664 618 1727 quoque
634 1663 719 1705 anno
735 1641 893 1706 ordinarie
909 1663 1022 1705 cursus
1038 1640 1205 1705 inchoabi-

179 1765 243 1831 tur,
255 1753 301 1816 sic
315 1753 406 1817 libris
420 1752 634 1838 praelegendis
651 1751 843 1829 distributis,
852 1763 889 1816 ut
906 1751 1050 1836 quolibet
1066 1759 1205 1836 quatuor

179 1870 337 1928 annorum
368 1864 473 1949 quivis
504 1863 669 1928 studiosus
698 1864 849 1927 inchoare
887 1863 1015 1948 possit3
1053 1873 1086 1927 et
1116 1864 1204 1946 quod

178 1976 338 2060 reliquum
354 1986 402 2039 cst
417 1975 550 2061 incoepti
565 1974 779 2058 quadriennii,
794 1986 827 2039 et
842 1974 922 2059 ejus,
944 1974 1032 2059 quod
1048 1974 1202 2059 sequitur,

178 2086 391 2171 quadriennii,
406 2109 510 2170 usque
530 2087 572 2149 ad
591 2085 684 2150 illum
703 2085 890 2165 terminum,
909 2086 996 2149 unde
1016 2085 1203 2171 ineoeperat,

178 2197 350 2277 audiendo,
366 2209 505 2281 quatuor
524 2197 618 2260 annis
640 2219 793 2282 peragere
816 2197 949 2261 omnino
971 2218 1103 2260 cursum
1118 2198 1203 2261 The-

178 2310 291 2394 ologiae
306 2310 420 2394 possit.

133 2429 154 2484 4
179 2419 218 2483 In
246 2420 399 2504 gradibus
425 2431 490 2482 tam
521 2420 697 2504 magisterii
723 2421 865 2501 Artium,
892 2422 989 2506 quam
1015 2422 1202 2485 doctoratus

176 2530 362 2614 Theologiae
378 2530 439 2593 tria
461 2530 692 2595 observentur:
729 2532 884 2612 Primum,
907 2532 1021 2616 nequis
1044 2532 1108 2596 nisi
1131 2532 1203 2596 dili-

177 2648 291 2726 genter
306 2656 338 2704 et
359 2640 489 2726 publice
512 2642 713 2706 examinatus
739 2645 808 2728 (per
829 2665 983 2729 personas
1006 2643 1202 2728 designatas,

178 2775 251 2838 quae
272 2753 355 2818 bene
379 2776 475 2817 suum
499 2755 640 2818 officium
662 2756 793 2840 faciant)
812 2767 844 2820 et
866 2756 1002 2821 idoneus
1024 2758 1066 2820 ad
1087 2757 1203 2842 praele·

176 2865 319 2949 gendum
343 2865 478 2928 eandem
503 2865 678 2931 Scientiam
700 2867 862 2946 inventus,
882 2877 1120 2953 promoveatur,
1135 2867 1202 2931 sive

176 2976 229 3041 ille
245 2977 284 3041 de
301 2977 460 3042 Societate
483 2977 536 3057 sit,
559 2979 624 3043 sive
648 2990 737 3043 extra
758 3001 848 3043 eam:
872 2980 1035 3059 Alterum,
1057 2991 1096 3043 ut
1111 2992 1203 3064 'prae-

176 3089 326 3153 cludatur
349 3089 468 3153 ostium
498 3089 677 3170 ambitioni,
706 3091 804 3154 uuilis
829 3091 908 3155 locis
938 3091 1033 3155 certis
1063 3090 1121 3173 eis,
1146 3090 1203 3176 qui

176 3200 218 3263 ad
233 3201 352 3285 gradus
372 3213 614 3285 promoventur,
635 3202 829 3286 assignatis,
860 3201 939 3287 quin
953 3201 1062 3287 potius
1077 3202 1200 3266 honore

177 3333 210 3375 se
234 3311 372 3375 invicem
396 3311 583 3396 praevenire,
608 3313 697 3375 nulla
721 3313 866 3377 locorum
888 3312 1068 3376 differentia
1091 3312 1202 3378 obser-

175 3433 260 3502 vata,
283 3435 417 3486 curent:
449 3423 606 3502 Tertium,
628 3436 666 3488 ut
689 3426 962 3509 quemadmodum
978 3424 1078 3510 gratis
1094 3425 1201 3505 docet,

175 3536 278 3600 itaet
300 3535 341 3598 ad
356 3534 475 3620 gradus
500 3535 643 3600 Societas
665 3537 765 3622 gratis
786 3546 984 3623 promoveat,
1006 3548 1039 3600 et
1053 3559 1121 3601 non
1137 3537 1202 3601 nisi

177 3646 353 3710 admodum
368 3645 475 3730 exigui
492 3659 642 3732 sumptus
661 3649 747 3732 (licet
769 3649 942 3713 voluntarii
964 3649 1040 3731 sint)
1058 3649 1202 3712 externis

176 3757 425 3841 permittantur=
448 3779 489 3820 ne
505 3760 706 3823 consuetudo
720 3759 786 3823 vim
800 3760 881 3845 legis
896 3761 1028 3823 tandem
1044 3758 1202 3839 obtineat,

176 3879 208 3932 et
236 3869 271 3931 in
304 3891 342 3932 ea
370 3880 461 3953 parte
498 3870 650 3956 temporis
681 3872 830 3952 decursu,
859 3872 1114 3936 mediocritatem
1145 3894 1203 3936 ex-

176 3981 303 4045 cedant.
348 3982 465 4046 Videat
492 3983 588 4046 etiam
613 3984 742 4064 Rector,
773 4008 813 4048 ne
839 3985 1018 4071 Magistris,
1047 3984 1099 4049 vel
1124 3984 1202 4048 ullis

176 4092 246 4156 aliis
261 4092 301 4155 de
318 4093 477 4158 Societate
501 4094 572 4174 sibi,
596 4105 652 4158 aut
669 4095 813 4181 Collegio
835 4097 1018 4181 pecuniam,
1034 4106 1091 4160 aut
1114 4097 1204 4160 dona
