2646 4732
116 340 176 398 118
491 350 818 396 consrrrurrorvun

180 541 245 597 cua,
282 529 315 581 et
344 517 569 581 concessiones
606 538 730 596 omnes,
768 537 842 600 quae
881 515 922 578 ad
956 514 1210 594 institutionem,

176 629 358 707 facultates,
368 629 420 692 vel
434 627 602 713 privilegia
617 627 787 692 Societatis
802 625 978 712 pertinent,
993 637 1027 690 et
1042 627 1209 712 quoddam

177 765 289 807 eorum
305 740 536 826 compendium
551 740 639 825 apud
654 762 688 803 se
703 737 864 818 habuerit,
887 738 1071 824 catalogum
1093 739 1209 804 itidem

176 877 280 918 unum
310 852 457 916 omnium
488 852 681 929 Domorum,
711 861 744 914 et
782 849 1001 936 Collegiorum
1033 850 1206 915 Societatis

181 989 256 1030 curn
281 965 348 1029 suis
373 963 565 1042 redditibus,
591 975 624 1026 et
647 962 785 1026 alterurn
810 984 1023 1047 personarum
1049 962 1209 1042 omnium,

179 1077 302 1161 quaein
319 1076 432 1161 quavis
449 1074 618 1140 Provincia
636 1085 816 1152 versantur,
832 1096 899 1137 non
922 1074 1028 1138 solum
1044 1075 1210 1139 Professo-

178 1211 251 1252 rum
278 1196 311 1252 et
334 1186 581 1271 coadjutorum,
601 1186 658 1269 qui
683 1184 824 1264 formati,
849 1207 886 1248 ac
913 1184 1129 1264 scholarium,
1154 1186 1210 1271 qui

180 1299 350 1385 approbati
367 1299 530 1377 dicuntur,
547 1298 604 1361 sed
619 1297 716 1361 etiam
731 1297 871 1377 illorum,
887 1297 944 1382 qui
959 1297 993 1361 in
1008 1297 1211 1382 probationi-

179 1412 241 1475 bus
257 1422 458 1488 exercentur,
473 1409 529 1473 ubi
545 1431 657 1472 eorum
678 1409 812 1473 nomina
834 1419 867 1472 et
889 1409 981 1473 dotes
1004 1408 1210 1475 scribantur:

178 1530 212 1586 et
234 1523 323 1586 hunc
345 1522 528 1606 catalogum
550 1521 771 1585 renovandum
794 1520 931 1605 singulis
954 1520 1059 1599 annis,
1082 1521 1110 1584 si
1133 1544 1211 1586 con-

179 1634 288 1698 venire
304 1633 476 1713 videbitur,
492 1633 627 1697 curabit.
673 1633 718 1697 Et
741 1633 873 1696 demum
895 1633 1015 1711 omnia,
1030 1632 1212 1719 quoadejus

180 1745 250 1810 fieri
279 1745 410 1831 poterit,
440 1755 610 1830 perspecta
639 1744 768 1823 habeat,
797 1754 835 1807 ut
864 1743 899 1807 in
930 1743 1082 1808 omnibus
1111 1744 1212 1809 rebus

180 1857 296 1921 melius
319 1857 434 1943 possit,
455 1879 527 1941 quae
547 1857 588 1920 ad
610 1856 745 1940 gloriam
769 1855 911 1920 divinam
934 1856 1111 1942 pertinent,
1134 1879 1211 1942 pro·

181 1970 301 2034 videre.

137 2091 158 2147 4
182 2083 282 2148 Quod
296 2081 331 2145 in
345 2081 533 2145 universum
548 2081 584 2144 in
600 2081 738 2166 septima
756 2092 848 2166 parte
871 2080 1000 2160 dieitur,
1015 2103 1082 2160 eos,
1097 2083 1156 2166 qui
1171 2084 1211 2147 de

182 2195 342 2259 Societate
373 2201 461 2272 sunt,
492 2192 630 2278 negotiis
662 2192 870 2270 secularibuS,
899 2192 975 2256 licet
1004 2193 1061 2277 pia
1089 2193 1213 2279 alioqui

181 2322 300 2391 essent,
320 2310 478 2397 implicari
496 2332 562 2373 non
586 2308 723 2388 debere3
749 2308 784 2372 id
801 2308 953 2373 Generali
973 2308 1089 2394 magis,
1112 2331 1212 2394 quam

181 2423 313 2507 reliquis
343 2421 505 2499 omnibus,
536 2420 708 2501 convenit3
740 2442 781 2484 ne
805 2421 840 2483 in
866 2421 924 2500 eis,
946 2421 998 2485 vel
1021 2420 1091 2484 aliis
1112 2421 1212 2486 etiam

181 2535 279 2598 rebus
294 2533 357 2618 piis
373 2533 515 2618 quidem,
531 2534 587 2596 sed
604 2533 644 2595 ad
661 2533 855 2596 Societatem
870 2555 938 2596 non
959 2532 1213 2618 pertinentibus,

181 2645 228 2708 ita
251 2645 401 2728 occupari
428 2665 461 2707 se
487 2643 582 2724 sinat,
606 2653 644 2706 ut
674 2655 803 2729 tempus
828 2665 865 2707 ac
891 2643 975 2707 vires
996 2644 1039 2706 ad
1062 2666 1111 2722 ea,
1138 2666 1212 2729 quae
1243 2652 1245 2657 “

182 2755 348 2842 pertinent
370 2756 412 2819 ad
432 2754 536 2840 ipsius
559 2756 701 2819 officium
719 2755 819 2839 (quod
834 2754 966 2840 quidem
980 2754 1096 2840 magis,
1112 2776 1213 2840 quam

184 2879 292 2933 totum
306 2868 472 2931 hominem
486 2867 632 2951 requirit)
651 2890 726 2931 eum
741 2867 931 2932 destituant.

139 2989 158 3044 5
185 2980 250 3045 Sed
271 3002 332 3043 nec
356 2980 390 3043 in
415 2980 604 3043 executione
628 2979 881 3043 ministeriorum
899 2971 1148 3065 ‘particularium
1171 2982 1213 3045 ad

185 3095 379 3160 Societatem
400 3094 645 3179 pertinentium,
672 3116 745 3178 quae
769 3116 827 3178 per
853 3093 931 3158 alios
957 3093 1041 3157 effici
1059 3105 1213 3179 possunt,

183 3229 380 3292 magnopere
396 3207 548 3291 occupari
563 3206 712 3286 deberet3
736 3205 918 3292 cujusmodi
940 3218 1026 3271 esset
1039 3207 1215 3292 peculiaris

184 3318 320 3404 alicujus
336 3318 452 3381 domus
468 3339 555 3395 cura,
571 3317 660 3401 quod
682 3317 724 3380 ad
746 3318 1015 3381 sustentationem
1037 3319 1215 3403 temporal-

186 3452 248 3507 em,
279 3439 312 3492 et
341 3428 609 3512 gubernationem
639 3427 709 3512 ejus
739 3429 876 3492 attinet:
914 3428 993 3512 quin
1022 3428 1146 3514 potius,
1176 3441 1214 3493 ut

185 3540 335 3626 superius
350 3539 479 3617 dicitur,
495 3561 571 3603 suos
587 3539 702 3623 quovis
716 3539 752 3602 in
773 3541 856 3620 loco,
871 3539 969 3603 etiam
991 3539 1049 3604 ubi
1070 3540 1142 3625 ipse
1163 3563 1214 3605 re·

188 3651 317 3731 sidebit,
340 3651 491 3716 officiales
513 3651 652 3729 habeat3
682 3651 717 3714 in
740 3673 821 3735 quos
844 3651 872 3715 si
894 3663 997 3716 totam
1019 3674 1131 3716 curam
1147 3675 1215 3717 non

184 3764 340 3850 rejecerit,
371 3764 556 3828 sublevetur
586 3776 672 3828 certe
703 3764 743 3828 ab
773 3765 831 3843 eis,
856 3774 888 3827 et
914 3766 1103 3851 hujusmodi
1127 3789 1214 3830 eurae

188 3877 399 3960 occupatione
414 3876 578 3940 liberetur.

144 3996 163 4052 6
188 3988 241 4052 Sic
262 3987 359 4051 etiarn
383 3989 417 4051 in
443 3987 556 4073 quavis
581 3989 750 4053 Provincia
775 4010 830 4053 eos
850 3989 968 4053 habeat
996 3989 1215 4055 Provinciales

184 4111 251 4164 tam
265 4100 409 4184 probatae
425 4100 501 4164 fidei
516 4111 647 4185 tamque
661 4101 806 4181 idoneos,
821 4109 859 4164 ut
875 4101 931 4185 qui
953 4101 1108 4187 iutelligit
1122 4125 1216 4188 mag·
