2646 4732
492 360 817 404 CONSTITUTIONUM

178 526 341 610 agendum
363 546 438 589 cum
461 525 535 604 illis,
557 548 676 609 eosque
699 525 969 604 examinandum3
996 525 1052 610 qui
1075 525 1208 610 quidem

178 637 352 722 prudentia
373 637 530 721 praeditus
556 637 608 716 sit,
631 649 663 699 et
685 659 752 700 non
774 637 901 721 ignoret
923 637 1040 720 agendi
1062 637 1210 715 modum,

179 749 235 832 qui
258 770 333 812 cum
355 759 421 811 tam
444 748 540 812 variis
569 747 742 832 generibus
772 759 804 810 et
834 748 1075 812 conditionibus
1097 771 1210 832 perso-

178 883 294 924 narum
324 871 374 924 est
403 859 589 938 tenendus3
623 870 660 921 ut
690 857 803 943 majori
827 881 902 922 cum
928 860 1151 943 intelligentia,
1176 872 1210 924 et

178 972 346 1055 utriusque
368 971 469 1056 partis
493 970 710 1034 satisfactione
732 970 900 1054 negotium
922 972 963 1034 ad
987 971 1049 1034 Dei
1072 971 1208 1055 gloriam

179 1083 387 1167 transigatur.

134 1202 154 1258 4
177 1194 345 1273 Tamille,
367 1215 468 1278 penes
491 1214 588 1276 quem
611 1203 661 1256 est
682 1193 819 1255 facultas
835 1193 1039 1272 admittendi,
1055 1195 1153 1278 quam
1169 1195 1209 1274 is,

178 1305 270 1388 eujus
286 1327 383 1389 opera
397 1304 449 1368 ille
465 1303 579 1383 utitur,
590 1303 707 1367 habeat
723 1314 851 1388 oportet
866 1303 1084 1388 cognitionem
1098 1328 1209 1369 rerum

179 1416 360 1494 societatis,
386 1438 423 1478 ac
447 1415 561 1478 Zelum
585 1414 663 1478 boni
686 1436 876 1500 progressus
899 1415 1023 1499 ipsius,
1055 1428 1092 1479 ut
1118 1418 1211 1480 nulla

176 1527 299 1591 ratione
316 1527 471 1598 dimoveri
486 1526 526 1589 ab
542 1548 579 1589 eo
598 1526 712 1610 possit,
728 1526 816 1609 quod
839 1526 872 1588 in
890 1527 1032 1596 Domino
1056 1529 1209 1592 conveni-

178 1639 286 1702 entius
316 1639 357 1701 ad
388 1638 534 1701 divinum
572 1637 739 1700 servitium
769 1637 803 1700 in
833 1638 894 1701 hac
926 1638 1085 1701 Societate
1118 1639 1210 1723 judi-

178 1749 296 1813 caverit
307 1775 317 1828 ;
348 1748 436 1833 quod
457 1759 495 1811 ut
518 1743 745 1832 consequatur,
769 1749 953 1812 moderatus
974 1750 1150 1812 admodum
1167 1750 1210 1814 sit

178 1871 306 1945 oportet
327 1859 362 1922 in
385 1859 578 1923 admittendi
601 1859 770 1923 desiderio
815 1859 861 1922 Et
891 1871 928 1922 ut
949 1859 1079 1923 liberior
1102 1861 1144 1923 sit
1168 1862 1209 1924 ab

177 1970 266 2034 omni
281 1971 389 2033 minus
405 1969 552 2033 ordinato
568 1970 700 2049 affectu3
723 1970 780 2033 ubi
794 1970 864 2033 vitii
879 1970 1067 2054 hujusmodi
1082 1972 1209 2036 occasio

177 2104 247 2145 esse
262 2092 373 2166 posset
391 2082 440 2164 (ut
455 2104 531 2144 cum
547 2081 808 2167 consanguineis,
824 2093 856 2144 et
871 2082 994 2164 amicis)
1012 2083 1076 2162 ille,
1091 2084 1126 2147 in
1143 2107 1209 2169 quo

177 2193 299 2277 aliquid
320 2192 456 2277 periculi
477 2191 666 2277 hujusmodi
689 2193 867 2272 timeretur,
882 2194 1087 2258 examinandi
1103 2196 1209 2260 officio

177 2326 244 2367 non
259 2304 425 2387 fungatur.

136 2425 152 2480 5
178 2415 375 2499 Quicunque
391 2427 500 2479 autern
515 2438 553 2478 eo
568 2415 735 2498 fungetur,
749 2415 784 2477 in
800 2414 929 2498 scriptis
944 2415 1062 2479 habeat
1078 2438 1151 2500 quae
1167 2418 1209 2481 ad

177 2529 240 2592 tale
256 2527 397 2591 officium
413 2529 596 2612 pertinent3
619 2528 684 2620 qud
707 2526 823 2591 melius
846 2537 879 2590 et
900 2528 1019 2592 certius
1041 2528 1075 2591 id
1097 2543 1209 2614 posset

177 2649 341 2724 praestare,
364 2640 452 2723 quod
472 2639 508 2702 in
529 2641 591 2702 hac
612 2649 704 2723 parte
720 2639 761 2701 ad
776 2638 922 2702 divinum
938 2639 1104 2703 servitium
1120 2663 1209 2724 quae-

178 2751 271 2814 ritur.

338 2997 386 3039 nn
404 2996 659 3039 Anumrunms
677 2996 716 3038 nu
735 2995 979 3040 socinrnruu.

576 3087 674 3151 CAP.
699 3087 746 3150 ΙΙ.

137 3209 152 3264 l
180 3201 222 3264 IN
239 3200 426 3264 universum
441 3199 604 3283 loquendo
620 3200 660 3262 de
678 3199 728 3277 iis,
744 3199 801 3282 qui
823 3199 1016 3263 admittendi
1039 3212 1127 3279 sunt,
1144 3225 1211 3287 quo

177 3313 325 3399 pluribus
356 3311 419 3374 Dei
450 3311 544 3374 donis
574 3311 776 3375 naturalibus
807 3324 839 3374 et
869 3311 985 3375 infusis
1015 3314 1144 3397 praediti
1169 3317 1211 3378 ad

177 3429 435 3515 promovendum
452 3427 548 3511 juxta
571 3427 740 3491 Societatis
762 3427 950 3492 institutum
974 3430 1121 3493 divinum
1144 3455 1212 3495 ser-

177 3542 306 3620 vitium,
318 3550 350 3603 et
366 3560 430 3623 quo
446 3539 636 3603 certioribus
651 3540 880 3625 experimentis
895 3540 1058 3626 perspecti
1073 3542 1211 3622 fuerint,

179 3678 217 3719 eo
232 3654 336 3740 magis
351 3652 460 3716 idonei
475 3664 582 3732 erunt,
596 3665 634 3718 ut
649 3655 683 3718 in
699 3677 770 3718 eam
786 3655 1010 3718 admittantur.

138 3776 156 3830 2
181 3768 229 3831 Ut
252 3765 471 3852 particulatim
498 3766 539 3829 de
565 3767 616 3829 his
642 3748 824 3850 loquamur,
853 3767 910 3851 qui
934 3767 967 3830 in
996 3766 1214 3850 Coadjutores

179 3879 397 3943 admittuntur
419 3879 459 3941 ad
482 3899 533 3941 res
555 3879 759 3963 temporales,
774 3880 826 3943 vel
847 3880 1018 3944 exteriores
1039 3881 1215 3961 curandas,

183 3992 250 4075 (qui
265 3992 375 4076 plures
391 4014 460 4056 esse
476 4014 543 4054 non
558 3991 689 4071 debent,
704 3993 801 4076 quam
818 3993 874 4077 qui
889 3993 1060 4058 necessarii
1075 3992 1153 4072 sint,
1170 3996 1216 4059 ad

180 4103 415 4167 sublevandum
432 4103 626 4168 Societatem
640 4103 675 4166 in
690 4103 729 4168 iis
744 4105 852 4184 rebus,
867 4104 902 4169 in
924 4104 1042 4189 quibus
1058 4107 1216 4189 occupari
