2646 4732
492 342 818 388 CONSTITU'PIONUM

178 521 380 572 momentum
406 530 440 572 re
465 509 583 574 divinae
609 510 777 596 Majestati
803 510 870 575 suis
897 518 929 575 et
953 508 1206 576 domesticorum

179 621 378 685 orationibus
404 644 441 685 ac
468 622 632 687 sacrificiis
658 624 908 703 commendata3
939 632 971 687 et
997 647 1073 687 cum
1097 624 1206 709 aliquo

177 734 229 797 vel
254 733 402 819 pluribus
427 757 466 798 ex
490 736 602 799 eadem
628 735 799 814 Societatc,
823 735 880 820 qui
904 735 1103 801 videbuntur
1120 736 1206 800 inter

177 867 244 924 cos,
267 846 323 929 qui
346 847 520 926 adfuerint,
543 848 802 926 communicata3
832 859 954 912 statuet
968 871 1027 934 per
1049 848 1205 934 scipsum,

178 978 258 1020 num
280 957 408 1022 mittere
431 958 557 1038 debeat,
580 982 640 1023 nec
662 981 725 1039 ne3
756 970 788 1023 et
811 959 856 1024 sic
877 960 917 1024 de
931 960 1063 1045 reliquis
1078 961 1205 1025 circun-

178 1070 323 1150 stantiis3
345 1082 383 1135 ut
399 1072 441 1134 ad
452 1072 516 1135 Dei
530 1071 685 1157 majorem
700 1072 835 1156 gloriam
851 1072 1021 1138 convenire
1030 1073 1204 1158 judicabit.

177 1181 250 1245 Erit
266 1194 376 1246 autem
392 1183 473 1268 ejus,
489 1184 546 1269 qui
567 1184 719 1263 mittitur,
736 1184 888 1263 officium,
911 1185 1001 1248 nulla
1021 1185 1147 1250 ratione
1170 1209 1203 1249 sc

175 1293 351 1377 ingerendo
368 1296 409 1358 ad
424 1296 579 1374 eundum,
588 1294 641 1358 vel
655 1297 854 1359 menendum
869 1294 905 1359 in
919 1297 982 1360 hoc
996 1297 1067 1361 loco
1082 1298 1204 1382 potius,

176 1405 273 1489 quim
294 1406 329 1467 in
351 1405 417 1484 illo,
439 1407 570 1491 plenam
591 1428 628 1470 ae
647 1407 779 1470 omnino
799 1407 933 1470 liberam
953 1408 1004 1471 sui
1018 1408 1205 1493 dispositio-

176 1541 252 1582 nem
277 1520 452 1605 Superiori,
483 1523 537 1602 qui
566 1542 634 1584 cum
668 1522 787 1584 curisti
817 1523 882 1585 loco
912 1523 1005 1604 repit,
1036 1522 1078 1584 ad
1101 1521 1204 1607 ipsius

173 1632 279 1717 majus
302 1632 493 1717 obsequium
516 1645 549 1697 ct
570 1634 700 1697 laudem
722 1633 914 1718 relinquere.
960 1634 1014 1698 Sic
1037 1634 1146 1714 etiam,
1167 1649 1204 1699 ut

175 1745 228 1808 alii
243 1758 396 1809 maneant
411 1747 540 1826 alieubi,
554 1747 606 1810 vel
621 1746 682 1810 alio
704 1769 737 1810 se
760 1748 938 1826 conserant,
954 1769 1049 1811 nemo
1072 1769 1204 1832 quoquo

174 1858 270 1922 modo
297 1858 366 1921 sine
393 1880 555 1922 consensu
583 1859 763 1944 Superioris
794 1859 855 1937 sui,
880 1882 1059 1945 perquem
1089 1859 1142 1923 ille
1170 1860 1204 1923 in

174 1970 317 2034 Domino
333 1971 564 2055 gubernandus
580 1981 642 2050 est,
658 1993 768 2034 curare
785 1971 892 2035 debet.

131 2088 149 2143 2
176 2081 381 2166 Quocunque
413 2082 566 2169 Superior
595 2082 704 2146 mittet
734 2082 885 2168 aliquem,
916 2105 991 2148 eum
1027 2083 1124 2169 plene
1154 2083 1204 2147 in-

171 2206 294 2258 strucre
323 2196 366 2277 (ct
390 2196 550 2258 ordinarii
577 2197 610 2257 ia
635 2195 775 2278 scriptia)
805 2194 936 2259 debebit
954 2207 1022 2259 tam
1045 2195 1085 2258 de
1105 2196 1203 2259 modo

171 2306 380 2392 procedendi,
401 2329 499 2390 quam
523 2307 562 2370 de
584 2307 711 2386 mediis,
738 2305 857 2392 quibus
884 2330 959 2371 eum
985 2306 1035 2371 uti
1058 2307 1137 2372 velit
1162 2308 1204 2371 ad

172 2419 284 2496 finem,
299 2439 397 2501 quem
412 2418 447 2480 in
463 2417 571 2481 animo
586 2418 695 2482 habet.
743 2419 805 2482 Per
827 2418 972 2482 crebram
995 2418 1093 2482 etiam
1114 2418 1204 2482 litte-

170 2549 280 2591 rarum
307 2529 645 2609 communicationem,
672 2537 832 2614 quantum
856 2529 926 2593 fieri
955 2541 1075 2615 potest,
1099 2531 1203 2595 totius

172 2661 341 2703 successus
357 2640 474 2704 certior
488 2640 634 2705 redditus
650 2663 690 2704 cx
705 2664 743 2706 eo
758 2642 840 2721 loco,
856 2642 913 2705 ubi
927 2641 998 2727 ipse
1013 2642 1135 2706 residet
1155 2644 1204 2726 (ut

170 2773 329 2836 personae,
345 2763 377 2815 et
398 2753 529 2838 negotia
551 2753 738 2838 exegerint)·
754 2753 899 2832 consilio,
916 2761 949 2817 et
970 2753 1040 2817 aliis
1063 2754 1204 2836 auxiliis,

171 2883 374 2948 quaecunque
398 2864 543 2928 adhiberi
569 2865 708 2950 possint,
730 2865 925 2951 providebit,
945 2876 983 2929 ut
1005 2865 1112 2951 majus
1136 2889 1204 2930 scr-

169 2974 286 3038 vitium
302 2976 374 3039 Deo
390 2976 457 3056 fiat,
473 2977 642 3062 magisque
666 2999 838 3041 commune
861 2977 985 3042 bonum
1008 3001 1067 3063 per
1089 3001 1204 3063 perso-

170 3108 229 3150 nas
246 3086 417 3151 Socictatis
434 3087 587 3172 juvetur:
612 3090 700 3173 quod
716 3100 808 3153 tanto
824 3089 938 3174 majori
954 3112 1031 3153 cura
1052 3091 1205 3175 praestari

170 3199 301 3264 debebit
315 3225 324 3279 3
347 3211 470 3285 quanto
486 3202 608 3287 negotii
624 3202 763 3287 qualitas
781 3203 882 3286 (quod
896 3202 947 3266 vel
967 3223 1064 3286 grave
1082 3202 1136 3281 sit,
1152 3203 1206 3267 vel

170 3313 310 3397 difficile)
329 3325 362 3377 et
377 3334 600 3398 personarum,
616 3336 690 3399 quae
705 3314 813 3378 missac
830 3328 908 3380 sunt
926 3316 1026 3399 (quod
1048 3315 1102 3380 vel
1124 3338 1205 3379 con-

171 3424 254 3504 silio,
269 3426 320 3489 vel
335 3426 549 3503 instructione
564 3425 744 3512 indigeant)
762 3426 798 3491 id
812 3428 916 3513 magis
932 3427 1041 3512 exigit.

257 3744 304 3786 DE
324 3745 464 3787 LIBERA
480 3745 531 3788 AD
549 3746 650 3789 HANG
667 3747 740 3790 VEL
758 3746 877 3789 ILLAM
896 3747 1047 3790 PARTEM

517 3857 787 3903 PROFEGTIONE.

558 3964 656 4028 CAP.
681 3964 747 4029 111.

127 4093 140 4150 l
172 4086 345 4153 Qunnvts
362 4109 473 4152 eorum
489 4089 541 4169 sit,
554 4090 610 4173 qui
627 4090 687 4153 sub
698 4090 882 4157 obedientia
894 4091 1065 4156 Societatis
1075 4093 1207 4169 vivunt,
