2646 4732
571 359 895 406 CONSTI'I'UTIONUM

526 632 573 673 nn
590 632 693 676 nono
711 634 946 676 n1u1rrnnn1.

639 736 737 801 CAP.
762 738 828 802 ΙΙΙ.

213 868 228 924 1
255 862 339 926 Cuu
365 861 417 940 iis,
443 860 500 944 qui
523 860 708 925 dimittendi
732 874 838 943 erunt,
864 863 1026 928 observari
1050 887 1124 928 eum
1148 867 1283 930 modum

253 973 433 1052 conveniet,
454 973 563 1057 quiin
588 985 765 1059 conspectu
786 975 850 1037 Dei
872 975 1060 1056 dimittenti,
1083 977 1228 1057 dimisso,
1250 991 1283 1042 et

253 1085 323 1149 aliis
348 1086 544 1164 domesticis,
567 1098 599 1149 et
623 1087 764 1150 externis
791 1087 930 1150 maxime
953 1089 1137 1155 satisfaciat.
1184 1091 1283 1157 Quod

252 1197 369 1261 attinet
395 1198 437 1260 ad
466 1197 683 1261 dimittentem
714 1198 755 1261 ob
782 1221 895 1262 causas
920 1200 1068 1285 superius
1095 1202 1196 1266 dictas
1221 1191 1283 1266 tria

253 1309 473 1374 observentur.

211 1429 229 1484 2
254 1421 399 1485 Primum
421 1432 482 1500 est,
506 1432 543 1485 ut
567 1433 636 1485 oret
659 1421 729 1506 ipse
753 1423 946 1502 Dominum,
970 1434 1002 1487 et
1025 1424 1114 1487 domi
1136 1425 1219 1488 orari
1242 1448 1280 1489 ea

250 1534 430 1598 intentione
445 1543 536 1596 curet
554 1533 701 1616 (quanvis
723 1533 928 1618 particularia
950 1557 1016 1598 non
1039 1535 1275 1620 intelligantur)

250 1657 288 1709 ut
304 1645 484 1730 significare
501 1645 663 1708 Dominus
678 1655 789 1707 noster
809 1645 961 1729 dignetur
982 1668 1020 1710 ea
1041 1646 1076 1709 in
1098 1668 1143 1725 re,
1159 1648 1199 1711 de
1215 1668 1281 1731 qua

252 1757 369 1841 agitur,
385 1777 476 1819 suam
492 1755 728 1818 sanctissimam
743 1755 954 1820 voluntatem.

206 1868 410 1946 3Alterum,
440 1878 478 1930 ut
508 1867 650 1930 conferat
685 1889 760 1929 cum
797 1867 969 1951 aliquibus,
1007 1890 1064 1931 seu
1101 1867 1208 1951 aliquo
1239 1892 1281 1931 ex

252 1978 448 2056 domesticis,
464 1979 520 2062 qui
539 1978 580 2040 ad
602 1979 664 2041 hoc
687 1978 854 2063 negotium
870 1979 1009 2064 aptiores
1029 1980 1219 2059 videantur3
1247 1991 1281 2044 et

184 2156 187 2161 ,
251 2090 371 2169 audiat,
387 2089 466 2173 quid
480 2089 526 2152 illi
541 2089 692 2153 sentiant.

207 2210 227 2266 4
249 2202 408 2280 Tertium,
431 2213 469 2264 ut
495 2223 625 2264 omnem
651 2201 798 2264 exuendo
823 2201 985 2280 affectum,
1011 2211 1044 2264 et
1074 2200 1187 2285 majori
1214 2202 1280 2266 Dei

251 2314 353 2399 gloria
381 2335 449 2398 prae
475 2312 576 2376 oculis
603 2313 790 2392 constituta,
820 2335 857 2375 ac
883 2311 1065 2376 communis
1088 2312 1178 2390 boni,
1205 2324 1280 2377 tum

251 2427 348 2489 etiam
363 2425 481 2508 (quoad
492 2424 561 2508 ejus
571 2424 640 2486 fieri
655 2424 785 2508 poterit)
800 2425 1002 2508 particularis
1017 2425 1140 2488 ratione
1155 2425 1280 2506 habita,

251 2538 411 2623 expendat
440 2536 517 2600 hinc
553 2536 628 2599 inde
666 2559 790 2615 causas,
820 2548 852 2601 et
882 2548 1014 2616 statuat,
1044 2559 1085 2600 an
1115 2538 1279 2602 dimittere

251 2651 377 2729 debeat,
391 2672 452 2713 nec
467 2671 518 2713 ne.

208 2773 226 2828 5
252 2764 351 2829 Quod
380 2762 422 2826 ad
452 2762 622 2825 dimissum
659 2762 786 2841 attinet,
818 2762 878 2825 tria
914 2762 1026 2825 itidem
1054 2762 1278 2826 observentur.

252 2876 397 2940 Primum
421 2873 560 2937 exterius
572 2898 582 2952 ;
613 2884 650 2936 ut
673 2873 802 2936 recedat
828 2895 867 2936 ex
892 2874 998 2950 domu,
1025 2883 1184 2956 quantum
1206 2873 1278 2936 fieri

249 2986 364 3073 possit,
380 2985 448 3049 sine
464 2984 618 3048 dedecore
633 2984 684 3047 vel
698 2984 886 3069 ignominia,
902 3006 938 3047 ac
961 3006 1071 3047 secum
1094 2983 1203 3047 omnia
1218 3006 1278 3048 sua

248 3099 340 3162 ferat.

207 3221 226 3277 6
248 3212 398 3275 Alterum
415 3208 550 3272 interius
562 3235 572 3287 3
594 3220 631 3271 ut
654 3231 729 3271 eum
752 3207 982 3271 dimittendum
998 3207 1151 3292 Superior
1173 3219 1276 3286 curet,

249 3332 447 3398 conservata,
477 3331 636 3404 quantum
666 3320 735 3382 fieri
764 3331 882 3404 potest,
918 3319 1072 3383 charitate
1110 3341 1147 3382 ac
1176 3319 1275 3382 bene-

248 3433 390 3500 volentia
403 3443 518 3495 mutua
532 3453 609 3516 erga
620 3431 764 3511 domum,
780 3442 812 3495 et
827 3443 949 3515 quanta
964 3452 1039 3494 cum
1054 3430 1274 3495 consolatione

248 3548 283 3611 in
299 3544 442 3611 Domino
457 3543 527 3607 fieri
541 3543 670 3627 poterit.

207 3663 226 3736 7
249 3659 414 3736 Tertium3
436 3666 474 3719 ut
496 3656 580 3719 circa
599 3666 721 3719 statum
740 3656 815 3720 vitae
836 3656 964 3720 studeat
982 3678 1057 3719 eum
1080 3653 1276 3738 dirigerent

250 3771 390 3853 aliquam
413 3767 659 3831 convenientem
688 3767 773 3830 viam
804 3766 962 3830 serviendi
992 3767 1064 3830 Deo
1094 3765 1193 3844 ineat,
1224 3766 1277 3830 vel

249 3881 283 3944 in
300 3879 478 3965 Religione,
492 3878 543 3942 vel
560 3889 650 3942 extra
664 3900 754 3957 eam3
776 3889 874 3963 prout
889 3878 1007 3942 divinae
1021 3875 1181 3941 voluntati
1197 3898 1278 3940 con-

248 3991 430 4057 venientius
444 3992 511 4056 fore
531 3989 701 4055 videbitur.
747 3991 890 4053 Demum
912 3988 1045 4052 consilio
1064 3998 1096 4051 et
1119 3987 1277 4068 oratione,

249 4117 281 4170 et
297 4104 325 4169 si
339 4103 419 4189 quid
433 4105 520 4170 aliud
535 4103 673 4169 charitas
689 4103 823 4182 dederit,
840 4103 953 4188 juvare
969 4112 1070 4166 curet.
