2646 4732
428 811 764 982 sumini
811 869 1035 983 riom

233 1069 271 1134 de
285 1072 336 1150 iis,
352 1092 418 1152 qna
427 1035 591 1153 pertinent
604 1071 648 1134 od
660 1073 812 1135 admissos
825 1074 859 1135 in
875 1093 986 1155 corpus
1003 1072 1172 1136 Societotis
1188 1071 1231 1134 od

355 1186 574 1264 proximorum
588 1182 760 1247 utilitatem
776 1185 974 1266 pernionum
990 1184 1117 1246 Domini

612 1290 852 1358 distribuendos.

396 1686 443 1729 DE
458 1685 696 1730 Mlsslonffltts
714 1685 834 1730 SUMMI
853 1684 1070 1730 Ponulrlcls.

656 1801 754 1866 CAP.
778 1802 805 1866 Ι.

209 1943 224 2000 1
342 1939 371 2001 Τ
385 1937 420 2001 in
436 1948 526 2002 sexta
540 1948 632 2023 parte
648 1938 688 2001 de
703 1937 743 2002 iis
759 1938 883 2002 dietum
903 1949 964 2018 est,
979 1959 1053 2023 quae
1076 1935 1276 2003 observanda

245 1934 421 2148 Usunt
435 2049 552 2134 cuique
568 2050 608 2113 de
625 2049 784 2114 Societate
798 2072 876 2134 erga
891 2072 925 2114 se
939 2050 1068 2135 ipsum;
1098 2050 1145 2114 ita
1165 2049 1201 2113 in
1215 2052 1275 2114 hac

249 2163 387 2248 septima
409 2164 450 2226 de
475 2163 516 2226 iis
536 2162 710 2227 dicendum
733 2174 793 2242 est,
824 2185 897 2246 quae
919 2184 996 2248 erga
1014 2161 1180 2248 proximos
1210 2159 1275 2247 (qui

249 2274 324 2339 finis
339 2275 443 2339 nostri
459 2274 607 2338 Instituti
621 2274 713 2339 valde
728 2274 879 2359 proprius
899 2276 961 2358 est)
985 2274 1065 2338 dum
1087 2273 1276 2338 dividuntur

248 2408 308 2471 per
327 2384 451 2449 Christi
475 2385 615 2465 vineam,
638 2395 676 2448 ut
701 2384 736 2448 in
762 2406 800 2448 ea
822 2384 909 2449 illius
929 2396 1031 2470 parte,
1051 2396 1149 2470 atque
1169 2407 1275 2470 opere,

248 2496 337 2581 quod
361 2495 442 2581 ipsis
472 2495 682 2560 commissum
711 2495 820 2575 fuerit,
850 2518 884 2560 se
908 2506 1089 2575 exerceant,
1114 2495 1276 2560 observari

249 2607 380 2688 debent,
404 2607 470 2671 sive
494 2629 514 2670 a
538 2628 665 2670 summo
696 2605 820 2672 Christi
843 2607 980 2672 Domini
1008 2607 1112 2672 nostri
1135 2607 1276 2687 vicarie,

248 2717 315 2782 sive
337 2741 357 2781 a
379 2717 607 2804 Superioribus
626 2717 806 2799 Societatis,
830 2721 884 2801 qui
907 2722 1002 2783 etiam
1023 2721 1134 2784 divine
1154 2719 1276 2802 Mojes-

249 2832 328 2893 totis
343 2831 409 2893 loco
424 2831 503 2912 inanis
514 2837 669 2912 prterunt,
683 2852 743 2915 per
757 2831 884 2895 diversa
903 2831 974 2895 loca
995 2831 1188 2909 mittantur3
1210 2831 1275 2895 sive

247 2940 378 3025 ipsimet
408 2940 470 3004 sibi
499 2940 620 3025 eligant
643 2942 711 3020 ubi,
734 2953 768 3006 et
791 2963 856 3027 qua
880 2942 915 3005 in
938 2965 972 3007 re
999 2948 1220 3027 occupentur3
1248 2941 1276 3005 si

246 3052 392 3137 ipsorum
418 3051 542 3136 judicio
564 3052 713 3117 relietum
735 3052 842 3132 fuerit,
864 3064 903 3117 ut
925 3054 1107 3117 disemrant
1129 3054 1275 3138 quaeun-

247 3185 310 3247 que
332 3161 437 3248 majus
453 3163 516 3226 Dei
534 3174 566 3227 et
589 3163 724 3228 Domini
750 3164 853 3228 nostri
872 3164 1076 3248 obsequium,
1096 3171 1130 3227 et
1151 3164 1275 3228 anima·

247 3296 320 3337 rum
335 3274 499 3359 profectus
522 3274 651 3358 assequi
673 3295 707 3337 se
729 3296 825 3359 posse
848 3275 1063 3355 arbitrentur3
1094 3274 1162 3339 sive
1184 3275 1275 3340 labor

245 3407 312 3448 non
327 3385 362 3447 in
378 3385 514 3466 diversa,
529 3384 587 3449 sed
601 3385 636 3448 in
659 3385 767 3449 stabiJi
788 3408 826 3450 ae
848 3386 1004 3451 continua
1024 3386 1225 3452 habitatione
1240 3389 1275 3452 in

244 3497 405 3582 aliquibus
429 3498 519 3577 loeis,
543 3496 601 3560 ubi
623 3519 762 3583 magnus
787 3498 904 3563 divinae
930 3498 1040 3584 gloriae
1067 3510 1100 3563 et
1124 3499 1273 3585 obsequii

244 3620 421 3694 proventus
452 3620 609 3693 speratur,
639 3609 682 3673 sit
710 3610 960 3695 impendendus.
1014 3612 1070 3691 Et,
1099 3624 1138 3675 ut
1168 3613 1274 3697 primo

244 3721 315 3784 loeo
340 3721 380 3784 de
406 3719 559 3784 missione
584 3721 702 3784 summi
730 3722 897 3786 Pontifieis
923 3723 1008 3787 inter
1033 3735 1167 3788 caeteras
1191 3747 1274 3810 prae-

244 3832 340 3917 cipua
363 3842 529 3910 tractetur,
552 3831 875 3897 animadvertendum
900 3845 949 3898 est
961 3860 970 3914 3
1002 3835 1091 3918 quod
1109 3858 1147 3899 eo
1172 3837 1275 3902 fertur

242 3943 380 4009 intentio
406 3945 484 4008 Voti
507 3944 603 4024 illius,
628 3967 692 4029 quo
720 3968 754 4010 se
781 3945 973 4011 obedientiae
1004 3948 1124 4012 summi
1149 3949 1274 4015 Christi

242 4054 362 4119 Vicarii
392 4055 461 4120 sine
490 4055 557 4121 ulla
586 4057 791 4122 excusatione
824 4058 966 4124 Societas
997 4060 1197 4140 obstrinxit3
1236 4072 1272 4125 ut
