2646 4732
501 371 594 414 10110
618 370 781 419 onasus.
1150 358 1188 416 61

166 539 266 625 ipsius
280 536 426 602 officium
440 537 680 622 pertinentibus
695 560 770 603 eum
787 537 912 622 juvare,
928 549 961 601 et
983 560 1058 601 cum
1073 540 1192 623 quibus

165 650 244 734 ipse,
261 671 335 733 quae
352 659 430 712 sunt
444 648 575 734 majoris
590 649 758 728 momenti,
774 656 910 712 tractare
926 649 1039 733 possit.

128 769 145 824 1
165 760 237 824 Erit
252 770 286 823 01
301 758 534 839 cancellatim,
549 760 599 825 vir
613 760 647 822 in
668 759 784 824 litteris
807 759 935 845 egregie
956 768 1113 839 versatus,
1136 761 1192 845 qui

165 871 241 936 Zela
264 870 363 950 bono,
385 882 420 934 ct
437 870 562 956 judicio
582 871 624 936 ad
645 892 694 950 ea,
716 892 790 955 quae
812 882 891 935 sunt
906 870 936 934 ei
950 872 1192 953 committenda,

165 983 309 1068 polleat:
347 981 441 1067 cujus
471 982 514 1047 sit
549 1005 681 1062 munus,
718 983 866 1069 generale
897 983 1043 1048 Rectoris
1072 984 1193 1048 instru-

165 1103 314 1159 mentum
328 1116 400 1159 esse
415 1095 458 1159 ad
480 1095 587 1159 studia
607 1095 690 1160 bene
706 1095 895 1176 ordinanda,
911 1106 943 1160 et
958 1096 1193 1182 disputationes

166 1207 199 1270 in
216 1207 346 1272 actibus
368 1206 508 1292 publicis
531 1207 727 1292 dirigendas,
749 1219 782 1272 et
804 1209 846 1271 ad
868 1208 1129 1289 discernendum,
1151 1231 1193 1273 an

167 1321 330 1386 sufficiens
356 1320 504 1386 doctrina
530 1321 573 1386 sit
602 1343 725 1401 eorum,
756 1321 811 1406 qui
842 1324 882 1385 ad
905 1334 997 1387 actus
1019 1334 1052 1387 et
1074 1325 1194 1408 gradus

169 1433 261 1517 (quos
276 1430 411 1517 quidem
425 1432 563 1518 ipsemet
579 1433 679 1516 dabit)
698 1444 775 1498 sunt
790 1433 994 1499 admittendi.

129 1553 146 1608 3
168 1544 216 1609 Sit
231 1544 431 1610 Secretarius
455 1567 495 1608 ex
516 1546 629 1609 eadem
653 1545 824 1626 Societate,
846 1545 904 1629 qui
924 1545 1044 1611 librum
1066 1547 1195 1628 habeat,

166 1655 221 1719 ubi
244 1655 394 1720 omnium
421 1655 704 1736 Scholasticorum,
728 1657 785 1742 qui
810 1656 944 1721 Scholas
974 1657 1103 1722 assidue
1132 1659 1195 1723 fre-

168 1781 338 1854 quentant,
352 1769 487 1834 nomina
501 1769 694 1850 scribantur,
703 1770 824 1855 quique
839 1790 951 1835 eorum
965 1771 1195 1857 promissiones

170 1882 208 1945 (10
232 1881 420 1947 obedientia
449 1882 580 1947 Rectori
608 1882 805 1968 praestanda,
834 1892 867 1946 et
897 1882 1195 1949 constitutionibus

168 1991 377 2057 observandis
402 1993 495 2077 (quas
524 1993 663 2078 ipsemet
683 1993 856 2077 proponet)
882 1993 1057 2072 admittat3
1093 2004 1127 2058 et
1153 1995 1196 2058 si-

171 2103 283 2188 gillum
309 2104 468 2183 Rectoris,
494 2116 526 2169 et
551 2104 780 2170 Universitatis
810 2104 951 2168 habeat:
983 2125 1056 2189 quae
1086 2116 1196 2170 tamen

170 2215 276 2279 omnia
290 2215 362 2280 sine
377 2216 452 2280 ullis
466 2217 617 2302 expensis
634 2216 908 2282 Scholasticorum
923 2217 1013 2281 fient.

136 2335 154 2390 4
174 2327 244 2391 Erit
265 2339 299 2392 et
315 2326 483 2408 Notarius,
499 2336 537 2392 ut
559 2329 657 2393 fidem
679 2328 844 2414 publicam
866 2328 963 2393 faciat
981 2329 1022 2393 (10
1037 2331 1196 2415 susceptis

173 2436 335 2523 gradibus,
358 2449 391 2503 et
413 2438 494 2519 aliis,
510 2461 582 2524 quae
598 2451 778 2505 occurrent.
825 2439 898 2504 Sint
919 2454 952 2504 et
975 2440 1051 2520 duc,
1065 2440 1118 2504 vel
1132 2452 1197 2506 tres

175 2551 298 2630 Bidelli,
322 2573 409 2614 unus
428 2552 469 2615 ad
492 2552 654 2616 facultatis
675 2550 871 2636 linguarum,
894 2551 975 2616 alter
996 2552 1037 2617 ad
1056 2553 1198 2633 Artium,

175 2662 285 2728 tertiam
302 2662 344 2726 ad
358 2662 543 2748 Theologiae
558 2663 742 2727 functiones
758 2664 948 2728 destinatus.

142 2773 214 2837 5111
241 2775 302 2838 has
336 2786 402 2839 tres
439 2774 608 2838 facultates
639 2773 842 2838 Universitas
878 2775 1064 2855 dividetur3
1101 2788 1134 2840 et
1163 2776 1198 2840 in

178 2886 286 2969 quavis
309 2907 421 2950 earum
444 2886 486 2950 sit
508 2886 673 2966 Decanus,
695 2897 729 2950 et
752 2887 817 2950 duo
839 2886 893 2949 alii
908 2887 1080 2972 Designati
1094 2911 1134 2951 ex
1148 2888 1199 2968 iis,

179 2997 231 3079 qui
256 2997 374 3062 melius
399 3019 451 3062 res
474 2996 637 3061 facultatis
663 2996 750 3060 illins
776 2997 915 3076 callent3
946 2998 1002 3081 qui
1022 2997 1041 3061 a
1062 2999 1200 3063 Rectore

179 3107 279 3173 vocati
304 3108 433 3193 possint
462 3107 579 3187 (110010,
605 3107 685 3192 quid
711 3107 852 3172 sentiant
878 3109 919 3171 ad
945 3128 1012 3170 suae
1037 3107 1200 3173 facultatis

181 3218 299 3284 bonum
322 3200 511 3285 conuenire:
545 3231 577 3284 et
605 3220 632 3284 01
655 3219 734 3305 quid
757 3219 820 3284 tale
842 3220 877 3283 in
899 3231 1042 3284 mentem
1066 3221 1200 3301 venerit,

184 3330 256 3395 dum
278 3331 364 3395 inter
382 3353 416 3395 se
438 3332 478 3396 (10
500 3331 688 3416 hujusmodi
709 3331 806 3396 rebus
829 3339 942 3417 agunt,
957 3332 998 3394 ad
1019 3332 1201 3413 Rectorem,

183 3443 314 3527 quanvis
329 3465 396 3508 non
410 3455 577 3523 vocentur,
592 3444 740 3509 referent.

148 3553 220 3617 6111
248 3554 347 3618 rebus
373 3576 447 3639 quae
477 3554 519 3622 ad
548 3555 649 3618 solam
678 3576 778 3618 unam
812 3554 998 3619 facultatem
1027 3553 1202 3638 pertinent,

183 3665 305 3730 vocabit
320 3667 450 3746 Rector,
465 3676 583 3752 praeter
599 3665 834 3730 Cancellarium
854 3677 886 3730 et
902 3688 977 3729 suos
993 3665 1203 3747 Assistentes,

184 3777 349 3842 Decanum
374 3777 470 3842 etiam
496 3790 529 3842 et
553 3778 751 3863 Designatos
778 3777 864 3842 illius
886 3777 1065 3842 facultatis:
1096 3777 1131 3841 in
1153 3779 1203 3859 iis,

186 3909 252 3972 quae
273 3889 315 3953 ad
335 3912 447 3954 omnes
469 3888 645 3976 pertinent,
666 3890 792 3954 Decani
813 3901 846 3954 et
864 3888 1035 3974 Designati
1057 3890 1203 3954 omnium

185 4012 345 4067 vocentur.
391 4003 437 4065 Et
453 4001 480 4066 si
492 4003 626 4078 Rectori
641 4003 746 4068 visum
762 4002 858 4067 fuerit
879 4014 910 4066 et
933 4001 1010 4065 alios
1034 4003 1073 4067 de
1097 4002 1205 4067 Socie-

189 4122 262 4193 tate,
276 4114 328 4179 vel
343 4125 433 4179 extra
448 4137 519 4180 eam
541 4117 583 4180 ad
599 4115 892 4202 Congregationem
914 4134 1038 4209 vocare,
1053 4115 1156 4178 facere
1171 4112 1205 4176 id

1204 4344 1299 4452 Ι
