2646 4732
554 356 645 400 raus
669 358 818 404 annuis.
1185 353 1225 411 25

207 519 286 588 aliud
309 520 478 606 Superiori
508 521 691 589 videretur:
722 537 756 592 et
779 547 865 591 unus
891 529 1037 593 omnium
1067 530 1110 595 sit
1133 532 1222 598 Con-

203 632 350 699 iessarius
377 632 420 698 ab
443 633 557 700 eodem
580 634 752 722 Superiore
775 638 983 720 constitutus,
1005 641 1093 726 quod
1112 643 1223 709 sifieri

201 765 263 808 non
283 744 418 828 poterit,
438 745 575 830 quisque
598 756 684 812 certe
706 769 803 813 suum
825 749 973 815 stabilem
994 751 1112 817 habeat
1134 754 1223 819 Con-

198 855 379 935 fessarium,
393 855 448 920 eui
463 878 555 921 suam
570 858 800 924 conscientiam
821 882 955 946 prorsus
977 863 1109 949 aperiat.
1155 865 1222 932 uui

197 968 328 1054 quidem
350 968 575 1034 Confessarius
601 993 668 1037 non
692 972 835 1063 ignoret,
859 976 913 1055 qai
939 995 1030 1039 cosas
1057 976 1221 1059 Superiori

194 1087 404 1147 reserventur.
450 1081 504 1147 Illi
523 1091 633 1148 autam
646 1083 908 1164 reservabuntur,
923 1107 1005 1170 quos
1027 1086 1068 1151 ab
1090 1109 1129 1152 eo
1144 1111 1220 1175 cog-

195 1191 285 1257 nosci
300 1182 519 1259 necessarium
533 1193 705 1273 videbitur,
720 1206 776 1259 aut
797 1195 889 1260 valde
912 1197 1127 1279 conveniens3
1153 1222 1218 1285 quo

193 1302 311 1369 nebus
326 1313 360 1368 et
375 1303 553 1369 remedium
575 1304 727 1370 adhibere
749 1305 864 1390 possit,
878 1318 911 1373 et
933 1329 1000 1372 auae
1022 1325 1108 1374 curae
1130 1333 1219 1376 eom-

192 1413 310 1479 missos
325 1435 519 1499 praeaervare
534 1414 575 1480 ab
589 1415 753 1495 omnibus,
767 1438 841 1501 quae
856 1418 1003 1484 nocitura
1017 1431 1104 1486 sunt.

141 1531 173 1591 ta
194 1525 337 1593 Perutile
360 1525 432 1604 erit,
456 1547 525 1591 esse
554 1527 643 1593 domi
672 1526 812 1611 aliquem
836 1528 941 1594 virum
970 1531 1100 1596 fidelem
1125 1534 1216 1598 etin

191 1639 289 1706 rebus
313 1639 535 1726 spiritualibus
565 1640 761 1707 sufficienter
790 1653 964 1723 versatum,
993 1645 1050 1728 qui
1074 1646 1215 1712 instruat

191 1774 246 1818 eos
270 1773 309 1816 ac
334 1751 460 1831 doceat,
485 1752 647 1836 quomodo
677 1763 710 1816 et
739 1752 886 1832 interius,
915 1765 948 1819 et
975 1756 1115 1822 exterius
1146 1780 1215 1823 sese

191 1863 309 1931 babere
321 1863 461 1929 debeant
470 1862 565 1948 juxta
581 1863 751 1929 Societatis
765 1863 953 1931 institutum
968 1888 1005 1931 ac
1016 1867 1214 1954 religionem,

191 1987 223 2041 et
236 1976 280 2040 ad
293 1975 330 2039 id
344 1997 400 2040 eos
415 1977 572 2056 hortetur,
583 1986 616 2041 et
630 1975 665 2040 in
680 1976 867 2042 memoriam
882 1978 1017 2064 redigat,
1028 1991 1061 2044 et
1070 1992 1215 2046 amanter

191 2087 378 2154 admonete
401 2108 499 2172 quem
513 2109 626 2154 omnes
641 2087 698 2172 qui
713 2087 746 2150 in
762 2087 951 2172 probatione
967 2097 1055 2169 sunt,
1065 2090 1213 2176 diligant,
1278 2145 1282 2154 .

191 2200 231 2265 ad
244 2220 344 2286 quem
358 2199 395 2263 in
410 2198 477 2264 suis
490 2199 722 2265 tentationibus
738 2199 939 2285 confugiant,
948 2200 1003 2264 cui
1013 2202 1214 2269 confidenter

191 2332 248 2377 sua
261 2309 373 2378 omnia
386 2310 551 2396 detegant,
566 2322 599 2374 et
614 2332 633 2374 a
650 2333 715 2395 quo
737 2310 989 2377 consolationem
1010 2322 1043 2377 et
1057 2312 1211 2378 auxilium

190 2423 223 2489 in
235 2422 390 2490 omnibus
410 2433 542 2509 sperent
563 2422 598 2487 in
613 2422 777 2490 Domino:
799 2434 833 2489 et
855 2423 1101 2506 admoneantur,
1122 2427 1211 2512 quod

190 2536 312 2605 sulam
327 2534 468 2602 debeant
482 2535 584 2602 celare
599 2534 823 2614 tentationem,
838 2557 936 2621 quam
954 2537 1042 2618 huic,
1056 2538 1108 2603 vel
1124 2538 1212 2605 Con-

190 2649 331 2729 fessorio,
357 2649 409 2716 vel
438 2646 603 2733 Superiori
632 2669 698 2713 non
728 2646 884 2732 aperiant,
913 2647 979 2716 imo
1008 2671 1083 2716 vero
1112 2657 1211 2716 totam

190 2765 323 2826 aemam
348 2761 526 2825 mamillis
551 2760 672 2843 integre
695 2760 895 2841 manifestm
920 2782 997 2841 esre,
1023 2775 1209 2849 pergratum

189 2875 346 2941 habeantr
370 2895 430 2939 nec
446 2872 550 2939 solum
569 2871 715 2937 defectus
737 2872 893 2958 aperiant,
908 2875 966 2941 sed
987 2874 1084 2941 etiam
1106 2877 1209 2962 poeni·

188 2986 315 3064 tentiae,
338 2985 390 3051 vel
419 2983 693 3062 mortificationes,
722 2994 755 3047 et
785 2983 982 3064 devotiones,
1012 3008 1050 3051 ac
1072 2988 1208 3054 virtutes

189 3120 311 3176 omnes,
332 3096 499 3163 voluntate
520 3117 603 3182 pura
624 3104 774 3180 optantes
796 3094 837 3160 ab
859 3095 922 3161 illis
944 3095 1049 3181 dirigi,
1065 3097 1168 3163 sicubi
1189 3121 1208 3164 a

175 3207 379 3277 'rectitudine
394 3207 612 3286 deflecterent,
627 3206 774 3272 nolentes
789 3227 844 3271 seo
859 3208 991 3290 proprio
1006 3227 1097 3272 seusu
1111 3209 1207 3292 duci3

187 3320 246 3387 nisi
259 3318 433 3387 conveniat
448 3341 524 3385 cum
540 3317 664 3404 judicio
683 3317 823 3397 illorum,
838 3340 919 3403 quos
938 3319 1057 3384 Christi
1078 3319 1207 3405 Domini

186 3435 283 3498 metri
298 3435 365 3497 loeo
379 3431 511 3498 habent.

140 3546 168 3607 13
185 3545 394 3612 Antevertere
423 3553 551 3629 oportet
579 3542 785 3621 tentationes,
815 3541 968 3609 adhibitis
992 3565 1103 3609 earum
1126 3565 1204 3609 con·

185 3656 308 3723 trariist
330 3665 369 3722 ut
384 3676 460 3721 cum
481 3654 555 3739 quis
577 3652 841 3722 animadvertitur
861 3654 904 3719 ad
926 3653 1111 3739 superbiam
1133 3677 1203 3722 esse

184 3791 375 3856 propensus,
390 3767 571 3835 exerceriis
592 3768 688 3834 debet
709 3767 744 3835 in
767 3767 864 3833 rebus
883 3765 1110 3852 abjectioribus
1132 3789 1204 3855 quae

181 3882 222 3947 ad
241 3881 482 3948 humiliandum
502 3880 611 3966 ipsum
632 3879 728 3947 utiles
750 3879 868 3945 futurae
889 3876 1077 3946 videantin:
1107 3891 1141 3947 et
1156 3881 1203 3946 tic

180 3995 220 4061 de
235 3995 307 4062 aliis
319 3995 428 4082 pravis
443 3993 559 4059 anima
573 3992 855 4080 propensionibus.

124 4115 159 4175 14
181 4109 340 4176 Praeterea
362 4110 541 4174 honestatis
565 4119 598 4172 et
621 4107 776 4173 decentiae
804 4105 928 4172 ratione
953 4107 1115 4187 convenit,
1139 4108 1197 4173 foe·

1229 4316 1313 4448 Ι
