2646 4732
487 350 812 397 CONSTI'I'U'I'IONUM

177 519 377 582 Professores
400 517 466 582 sive
492 518 532 581 de
557 516 717 583 Societate
737 517 784 581 illi
805 517 882 597 sint,
902 516 968 582 sive
989 517 1124 597 externi,
1144 540 1202 603 op·

177 631 314 695 tandum
336 641 396 709 est,
418 640 455 693 ut
478 630 576 710 docti,
592 628 773 715 diligentes,
795 640 828 693 et
844 629 974 709 assidui,
990 640 1023 693 et
1037 628 1203 714 profectus

178 744 379 809 studentium
400 752 467 807 tam
488 743 522 807 in
546 743 750 824 lectionibus,
773 744 870 828 quim
892 743 927 807 in
949 743 1019 808 aliis
1040 743 1203 807 litterariis

177 854 458 922 exercitationibus
475 855 611 921 studiosi
627 855 702 920 sint.
730 915 731 920 ,

137 972 155 1047 7
179 971 382 1035 Bibliotheca
397 969 589 1048 communis,
605 969 633 1032 si
653 968 723 1033 fieri
744 979 863 1054 potest,
878 968 912 1032 in
929 968 1081 1054 Collegiis
1103 968 1202 1032 habe-

179 1095 272 1163 atur3
310 1082 402 1168 cujus
433 1082 530 1146 clavis
559 1081 634 1161 illis,
664 1081 721 1166 qui
749 1081 844 1166 juxta
868 1081 1014 1146 Rectoris
1040 1081 1201 1166 judicium

178 1196 296 1260 habere
312 1195 488 1273 debebunt,
504 1195 659 1259 tradatur.
704 1195 825 1258 Praeter
846 1194 907 1258 hos
930 1204 1049 1274 autem,
1065 1195 1201 1279 quisque

176 1307 276 1371 libros
292 1307 381 1388 alios,
396 1306 453 1391 qui
467 1305 638 1371 necessarii
652 1306 783 1385 fuerint,
798 1305 940 1370 habebit.

136 1427 155 1482 8
180 1418 370 1484 Scholastici
384 1419 418 1482 in
434 1417 602 1483 audiendis
617 1417 808 1482 lectionibus
824 1418 890 1482 sint
906 1403 1036 1498 assidui,
1052 1429 1084 1482 et
1106 1418 1141 1481 in
1157 1418 1201 1481 eis

178 1530 394 1617 praevidendis
412 1530 604 1617 diligentes3
635 1543 668 1594 et
691 1540 865 1615 postquam
887 1553 941 1594 eas
962 1529 1132 1610 audierint,
1152 1551 1202 1593 re-

178 1643 338 1728 petendis,
360 1643 410 1722 iis,
430 1665 503 1727 quae
527 1663 595 1706 non
616 1642 843 1721 intellexerint,
863 1642 1110 1728 interrogandis,
1132 1641 1202 1706 aliis

178 1778 264 1835 vcro,
295 1777 369 1840 quae
399 1754 588 1840 oportuerit,
618 1753 838 1834 adnotandis3
875 1755 940 1839 quo
970 1755 1005 1819 in
1034 1765 1202 1840 posterum

178 1866 341 1931 memoriae
357 1865 497 1930 defectui
513 1864 709 1930 consulatur.

137 1986 156 2042 9
180 1979 299 2042 Rector
321 1987 430 2042 autem
456 1976 592 2061 Collegii
617 1975 652 2041 id
676 1999 761 2041 curae
783 1976 912 2058 habeat,
927 1989 964 2042 ut
986 1977 1103 2057 videat,
1119 1998 1199 2042 num

179 2091 342 2177 Magistri,
358 2101 391 2155 et
405 2089 556 2175 discipuli
573 2112 668 2154 suum
690 2090 725 2154 in
740 2091 884 2156 Domino
906 2091 1048 2156 officium
1070 2091 1201 2170 faciant,

178 2223 238 2267 nec
254 2226 305 2268 ne.

115 2323 156 2380 10
179 2315 264 2379 Cirm
294 2314 440 2400 perutilis
471 2314 513 2378 sit
553 2313 742 2399 (praesertim
779 2315 920 2394 Artium,
951 2337 988 2379 sc
1017 2315 1201 2401 Theologiae

179 2426 386 2490 Scholasticae
408 2425 573 2508 studiosis)
599 2426 788 2511 disputandi
809 2449 911 2506 usus3
933 2426 1084 2491 intersint
1100 2426 1202 2492 Scho-

177 2536 282 2601 lastici
304 2535 531 2600 communibus
548 2536 749 2618 Scholarum,
765 2540 806 2603 ad
829 2561 910 2625 quas
932 2540 1091 2603 accedunt
1116 2540 1202 2623 (licet

177 2670 244 2712 non
286 2647 351 2710 sint
392 2647 453 2711 sub
495 2669 572 2711 cura
612 2649 793 2734 Societatis)
843 2651 1128 2736 disputationibus,
1170 2661 1203 2717 et

178 2757 339 2845 singulare
364 2759 415 2824 sui
445 2758 609 2844 specimen
639 2762 673 2824 in
704 2763 850 2827 doctrina
878 2763 1032 2848 praebere,
1056 2764 1202 2828 modeste

178 2887 298 2955 tamen,
316 2887 441 2940 curent.
483 2874 644 2940 Convenit
665 2878 761 2942 etiam
784 2878 921 2964 singulis
943 2877 1137 2958 Dominicis,
1152 2880 1203 2943 vel

179 2987 285 3071 aliquo
311 2987 373 3051 alio
398 2987 448 3052 die
468 2985 680 3053 hebdomadae
704 2989 739 3053 in
761 2989 905 3075 Collegio
929 3002 1040 3054 nostro
1061 2989 1201 3076 aliquem

178 3123 217 3165 ex
241 3100 353 3185 quavis
375 3101 496 3184 Classe,
519 3103 648 3166 Artium
675 3124 712 3166 ac
734 3103 918 3188 Theologiae
945 3102 1165 3168 studiosorum
1185 3105 1203 3167 a

178 3215 314 3278 Rectore
330 3213 535 3299 designatum
552 3214 720 3300 iprandio
739 3215 778 3298 (si
793 3214 899 3300 aliqua
922 3239 961 3280 ex
984 3238 1081 3280 causa
1102 3238 1202 3302 pecu-

174 3325 245 3389 liari
274 3325 543 3410 impedimentum
573 3349 640 3390 non
671 3326 839 3410 accideret)
873 3328 994 3412 aliquas
1023 3327 1201 3413 positiones

175 3438 313 3502 tuendas
333 3437 516 3524 suscipere3
550 3461 622 3523 quae
646 3438 749 3524 pridie
770 3439 839 3525 ejus
865 3440 928 3504 diei
949 3440 1010 3504 sub
1029 3461 1201 3526 vesperum

175 3549 276 3614 valvis
292 3549 482 3614 Scholarum
501 3552 578 3635 (quo
601 3552 643 3616 ad
665 3551 898 3638 disputandum
919 3552 970 3616 vel
992 3552 1201 3633 audiendum,

176 3661 233 3746 qui
246 3661 376 3742 vellent,
392 3661 611 3746 convenirent)
630 3675 738 3728 essent
753 3665 939 3750 affigendae3
962 3664 1081 3749 quibus
1096 3664 1202 3730 brevi-

175 3782 225 3837 ter
240 3774 280 3839 ab
296 3797 344 3855 eo,
365 3775 422 3861 qui
444 3797 659 3861 responsurus
681 3788 741 3856 est,
757 3777 966 3859 confirmatis,
982 3777 1202 3867 argumentari

177 3908 216 3948 ex
231 3886 417 3951 domesticis
432 3888 483 3952 vel
498 3888 638 3952 externis
653 3887 748 3952 liceat
768 3888 949 3975 cuicunque
971 3890 1121 3954 libuerit:
1145 3889 1201 3954 ali-

176 3999 249 4084 quis
265 4010 374 4064 tamen
388 3999 500 4085 praesit
515 4011 653 4086 oportet,
669 4001 726 4085 qui
745 4012 1008 4088 argumentantes
1024 4004 1153 4090 dirigat,
1169 4015 1201 4067 et

176 4132 216 4173 ex
242 4133 279 4174 ea
309 4112 548 4178 concertatione
579 4113 684 4178 eliciet
708 4115 910 4200 declaretque
938 4116 979 4180 ad
998 4116 1201 4180 audientium
