2646 4732
495 924 702 1022 NONA
747 930 970 1042 PARS;

251 1162 289 1224 de
303 1162 355 1238 iis,
371 1179 436 1242 qne
451 1160 495 1222 nd
508 1165 603 1240 capnt
619 1158 799 1236 societatis,
815 1163 846 1220 et
857 1158 1114 1240 gubernationem
1129 1159 1168 1222 nb
1184 1178 1219 1223 eo

522 1271 752 1333 descendentem
767 1271 940 1351 pertinent.

664 1487 796 1505 —hh

245 1665 344 1713 ouon
362 1661 605 1707 aaarosmuu
623 1656 1093 1720 aauuanunu,nnau1nau
1112 1664 1202 1706 rna·

349 1766 514 1834 Paruum,
531 1777 612 1820 num
630 1775 796 1834 vrxaarr,
812 1775 896 1819 assa
915 1775 1118 1819 oronraar.
1148 1753 1151 1756 ⁴

661 1890 758 1955 CAP.
782 1891 810 1955 Ι.

205 2025 369 2236 IUT
398 2027 432 2090 in
463 2027 613 2091 omnibus
650 2027 840 2112 Rebuspub.
878 2026 929 2090 vel
961 2026 1278 2112 congregationibus

340 2140 423 2204 bene
444 2140 641 2219 constitutis,
660 2151 779 2225 praeter
800 2162 866 2219 eos,
887 2139 943 2224 qui
966 2139 1107 2203 adfines
1132 2140 1277 2226 particu-

245 2252 328 2316 lares
343 2253 377 2316 in
393 2253 439 2316 eis
455 2253 606 2331 tendunt,
622 2274 753 2316 necesse
776 2263 836 2331 est,
852 2274 922 2316 esse
945 2251 1095 2336 aliquem,
1110 2252 1162 2316 vel
1177 2253 1275 2318 etiam

243 2364 364 2448 plures,
389 2363 445 2446 qui
467 2362 546 2426 boni
570 2360 757 2427 universalis
782 2385 893 2426 curam
918 2363 1070 2441 habeant,
1097 2374 1141 2441 et,
1167 2375 1206 2427 ut
1233 2365 1274 2428 ad

244 2473 413 2558 proprium
429 2473 540 2551 finem,
556 2473 597 2537 ad
611 2473 645 2536 id
660 2474 815 2538 tendant:
848 2474 893 2538 si'c
917 2473 1013 2553 etiam
1036 2474 1070 2536 in
1085 2475 1147 2538 hac
1164 2473 1273 2539 Socie-

244 2593 322 2665 tate,
342 2596 459 2670 praeter
485 2609 551 2666 eos,
576 2586 632 2670 qui
653 2586 901 2671 particularibus
920 2584 1081 2665 domibus,
1108 2585 1273 2672 Collegiis,

244 2709 277 2761 et
295 2696 473 2761 Provinciis
498 2698 606 2777 etiam,
632 2697 667 2761 iu
692 2697 810 2782 quibus
834 2696 1024 2782 hujusmodi
1044 2704 1121 2761 sunt
1143 2698 1271 2779 domus,

245 2810 297 2874 vel
324 2809 478 2894 Collegia,
508 2817 665 2895 praesunt,
696 2832 826 2874 neeesse
857 2821 906 2874 est
936 2832 1006 2874 esse
1035 2809 1186 2894 aliquem,
1217 2811 1273 2895 qui

245 2920 404 2985 universae
420 2921 589 2985 Societatis
605 2944 715 2985 euram
731 2922 869 2999 habeat3
900 2921 956 3006 qui
977 2923 1066 2985 hunc
1089 2922 1151 2986 sibi
1172 2923 1272 2987 finem

246 3034 433 3112 constituat,
448 3046 486 3097 ut
500 3033 583 3097 bene
603 3034 812 3119 gubernetur,
828 3041 1045 3114 conservetur,
1061 3045 1094 3097 et
1115 3047 1273 3120 augeatur

246 3157 352 3210 totum
377 3145 546 3210 Societatis
569 3168 706 3230 corpus3
738 3145 847 3209 ethic
872 3156 921 3209 est
941 3144 1139 3231 Praepositus
1163 3145 1273 3210 Gene-

244 3257 319 3320 ralis
332 3282 341 3336 3
364 3256 511 3341 quicum
527 3257 654 3320 duobus
669 3255 773 3319 modis
789 3257 864 3341 eligi
886 3268 1007 3341 posset,
1024 3257 1155 3336 scilicet,
1176 3269 1215 3321 ut
1230 3259 1272 3322 ad

245 3379 375 3452 tempus
391 3367 521 3452 aliquod
536 3367 718 3445 definitum,
729 3367 780 3431 vel
795 3379 832 3431 ut
848 3368 993 3452 quandiu
1008 3367 1104 3447 vivet,
1116 3368 1271 3433 Societati

243 3479 375 3566 praesit:
409 3489 580 3563 propterea
602 3479 690 3562 quod
713 3478 919 3563 experientia,
945 3479 1031 3543 etin
1059 3479 1272 3564 gubernando

242 3591 438 3669 exercitatio,
462 3597 495 3654 et
520 3590 690 3654 hominum
714 3591 957 3675 particularium
983 3591 1109 3671 notitia,
1134 3602 1166 3656 et
1194 3615 1272 3679 erga

243 3705 373 3767 eosdem
404 3701 581 3765 authoritas
619 3703 743 3766 confert
772 3725 978 3788 magnopere,
1016 3714 1054 3767 ut
1090 3703 1173 3767 bene
1204 3705 1271 3769 hoc

243 3836 363 3877 munus
379 3813 473 3877 obeat
486 3838 495 3892 3
518 3812 685 3892 advitam,
701 3824 733 3877 et
748 3836 814 3877 non
831 3813 872 3877 ad
887 3825 1017 3900 tempus
1034 3814 1164 3899 aliquod
1187 3838 1274 3902 prae-

245 3924 403 4009 scriptum
419 3924 479 3988 erit
494 3924 671 4009 eligendus.
716 3925 859 3989 Accedet
882 3937 990 3990 autem
1014 3926 1055 3989 ad
1077 3936 1194 3991 caetera
1208 3927 1273 3992 hoc

244 4037 405 4102 commodi
421 4061 460 4103 ex
476 4060 524 4118 eo,
539 4045 577 4101 ut
593 4038 736 4104 Societas
752 4039 787 4104 in
802 4039 898 4105 rebus
921 4039 1031 4126 magni
1053 4042 1213 4107 momenti
1230 4045 1274 4108 ad
